3842 5942
2832 575 2968 638 537

394 783 619 847 subter
679 804 871 868 saepe
919 783 1146 849 aculeo
1216 789 1239 849 1
1298 785 1598 849 breviore
1661 786 1910 850 anmati.
1989 786 2304 850 Abdomen
2357 789 2452 850 1·7
2506 809 2634 849 mni
2685 786 2970 870 longum.

402 890 506 954 1·0
553 888 774 958 latum,
824 889 1033 954 forma
1084 894 1146 954 in
1198 890 1321 954 hoc
1367 913 1606 976 genere
1654 891 1932 977 vulgari.
2001 893 2288 978 Epiyyne
2334 893 2465 978 (fig.
2513 895 2581 978 9)
2630 893 2972 978 insigniter

394 998 793 1083 prominens3
840 998 1053 1084 paries
1104 997 1342 1062 basalis
1394 1022 1557 1083 pone
1604 999 1672 1062 in
1720 1019 1945 1064 arcum
1994 999 2248 1063 modice
2298 1011 2638 1064 curvatum
2691 1002 2971 1085 excisae,

394 1103 517 1167 alis
564 1102 943 1167 lateralibus
990 1104 1216 1185 nullis3
1263 1128 1302 1169 a
1343 1105 1543 1169 latere
1592 1108 1736 1169 visa
1783 1107 1914 1190 (fig.
1957 1108 2060 1184 10)
2109 1128 2260 1193 pars
2310 1105 2582 1191 apicalis
2630 1109 2971 1195 epigynae,

396 1209 698 1274 deorsum
744 1223 808 1275 et
854 1222 1028 1275 retro
1075 1211 1342 1296 directa,
1407 1234 1783 1298 processum
1834 1213 2074 1277 format
2122 1235 2326 1298 aeque
2376 1215 2640 1278 circiter
2700 1213 2963 1300 longum

397 1339 477 1381 ac
521 1316 719 1381 latum
771 1319 892 1402 (ca.
940 1320 1045 1382 0·2
1096 1342 1224 1382 mm
1274 1318 1540 1404 longum
1590 1330 1654 1383 et
1702 1318 1952 1406 latum),
2000 1321 2184 1407 apice
2229 1320 2447 1406 paullo
2494 1321 2755 1409 oblique
2787 1333 2967 1386 trun—

396 1435 631 1507 catum,
679 1424 937 1509 angulis
1006 1425 1394 1508 rotundatist,
1464 1428 1634 1490 inter
1682 1438 1929 1513 partem
1978 1426 2149 1492 hanc
2196 1439 2259 1491 et
2305 1429 2616 1511 parietem
2682 1429 2967 1494 basalem

395 1533 676 1618 epigyne
725 1533 1043 1618 impressa
1090 1544 1211 1616 est,
1260 1535 1351 1616 ab⁸
1390 1535 1520 1597 imo
1570 1534 1711 1596 visa
1762 1556 1909 1619 pars
1958 1533 2232 1619 apicalis
2280 1557 2482 1621 aeque
2532 1536 2792 1600 circiter
2839 1535 2970 1600 lata

396 1660 475 1701 ac
522 1637 713 1723 longa
774 1639 1057 1725 (apiculo
1119 1643 1364 1726 postico
1410 1641 1726 1726 excepto),
1787 1642 1854 1704 in
1903 1640 2220 1705 lateribus
2283 1654 2346 1704 et
2393 1664 2559 1727 pone
2607 1642 2970 1724 rotundata,

397 1768 562 1831 pone
609 1746 867 1832 apiculo
914 1748 1097 1812 brevi
1159 1747 1389 1812 obtuso
1436 1759 1652 1828 aucta,
1710 1748 1913 1812 latera
1979 1749 2182 1834 partis
2230 1748 2423 1811 huius
2471 1748 2602 1811 lobi
2651 1763 2970 1834 occupant

394 1852 638 1940 pallide
684 1853 928 1938 flavidi‚
976 1854 1256 1940 oblongi,
1305 1854 1537 1920 leviter
1566 1856 1913 1919 incurvati.
1962 1878 2160 1941 quum
2209 1853 2289 1918 ab
2323 1857 2454 1918 imo
2502 1855 2970 1943 adspiciuntur‚

398 1971 641 2044 partem
695 1983 850 2025 vero
897 1962 1175 2026 mediam
1226 1985 1478 2049 scapuS,
1532 1964 1638 2048 qui
1690 1963 1757 2025 in
1805 1964 2092 2049 epigyna
2138 1985 2268 2026 non
2318 1962 2591 2026 distorta
2639 1961 2964 2027 lamellam

397 2067 677 2131 formare
726 2068 987 2132 videtur
1034 2069 1582 2150 rufo-testaceam,
1647 2070 1784 2133 basi
1835 2069 2032 2154 duplo
2079 2071 2521 2150 angustiorem
2576 2092 2768 2154 quam
2818 2092 2967 2156 pars

395 2174 666 2258 apicalis
714 2177 1034 2264 epigynae
1096 2187 1243 2259 tota,
1309 2178 1660 2263 posteriora
1725 2199 1955 2241 versus
2002 2178 2212 2262 primo
2275 2175 2563 2262 paullulo
2618 2176 2971 2260 dilatatam,

395 2293 533 2345 tum
576 2282 805 2345 fortius
853 2295 1285 2368 angustatam,
1335 2283 1611 2370 denique
1657 2284 1911 2368 iterum,
1961 2285 2177 2347 minus
2225 2295 2461 2367 tamon,
2508 2283 2819 2348 lateribus
2868 2306 2969 2346 ro-

396 2389 685 2452 tundatis
733 2389 1089 2454 dilatatam.

526 2496 1045 2582 Cephalothorax
1098 2498 1333 2582 pallide
1382 2498 1622 2578 fulvuS,
1680 2500 2008 2580 margines
2055 2521 2285 2562 versus
2336 2497 2626 2582 paullulo
2674 2498 2966 2562 infusca-

393 2615 516 2686 tuS,
565 2603 630 2666 in
666 2602 977 2669 lateribus
1026 2616 1124 2668 sat
1170 2616 1459 2689 anguste,
1507 2606 1575 2669 in
1608 2605 1841 2693 clypeo
1888 2606 2350 2688 angustissime
2399 2607 2588 2690 nigro
2639 2607 2966 2690 margina—

394 2721 516 2774 tus.
566 2711 739 2775 linea
787 2712 1001 2777 media
1051 2713 1418 2797 nigricanti,
1466 2734 1673 2799 neque
1720 2703 1942 2775 oculos
1990 2733 2199 2799 neque
2235 2714 2592 2796 marginem
2643 2713 2962 2799 posticum

396 2819 759 2904 attingenti,
805 2830 957 2883 ante
1005 2833 1065 2883 et
1113 2842 1279 2906 pone
1328 2819 1546 2905 paullo
1594 2819 1849 2903 diffusa,
1896 2820 1962 2882 in
2011 2818 2222 2882 medio
2270 2821 2732 2905 angustissima
2779 2841 2967 2881 orna-

394 2937 529 3006 tusr,
575 2925 745 2989 oculi
780 2926 1063 3010 cingulis
1111 2927 1316 3012 nigris
1362 2925 1811 3013 inaequalibus
1845 2927 2061 3009 cincti,
2110 2928 2306 2991 antici
2359 2927 2551 2989 medii
2605 2929 2669 2988 in
2714 2924 2968 2990 macula

396 3033 729 3096 communi
763 3034 952 3117 nigra
985 3035 1108 3097 siti.
1141 3034 1563 3099 Mandibulae
1588 3032 1801 3098 colore
1836 3032 2411 3118 cephalothoraciS,
2444 3033 2726 3097 obsoleta
2753 3033 2966 3096 colore

396 3138 701 3203 umbrino
748 3140 979 3225 pictae,
1026 3142 1347 3226 imprimis
1413 3142 1478 3203 in
1528 3142 1720 3204 dorso
1783 3143 1944 3205 vitta
1992 3139 2256 3226 obliqua
2301 3142 2471 3203 inter
2532 3139 2807 3223 angulos
2855 3139 2968 3202 ba-

397 3246 598 3309 salem
651 3247 1023 3311 interiorem
1088 3261 1149 3312 et
1195 3247 1511 3334 apicalem
1579 3249 1964 3312 exteriorem
2032 3259 2312 3311 ornatae.
2385 3246 2693 3311 Maxillac
2755 3245 2968 3310 colore

398 3352 973 3439 cephalothoraciS,
1036 3357 1103 3418 in
1167 3354 1370 3419 latere
1432 3357 1751 3419 exteriore
1808 3367 1907 3418 sat
1953 3354 2083 3418 late
2148 3354 2484 3450 fuligineQ
2547 3354 2612 3417 in
2662 3354 2968 3418 interiore

396 3472 675 3542 anguste
724 3463 910 3546 nigro
959 3465 1377 3547 marginatae.
1455 3462 1733 3526 Labium
1783 3464 2135 3546 nigricans
2208 3464 2508 3528 Sternum
2561 3460 2966 3543 fuligineum.

400 3567 581 3653 Palpi
633 3581 696 3631 ct
726 3568 923 3655 pedes
974 3568 1506 3655 cephalothorace
1555 3569 1771 3654 paullo
1820 3569 2211 3656 pallidiore-S,
2273 3568 2536 3632 illorum
2587 3589 2733 3653 pars
2781 3567 2968 3631 tibia-

398 3673 480 3738 lis
514 3676 699 3760 apice
749 3675 878 3740 late
911 3676 1125 3740 colore
1175 3677 1478 3740 umbrino
1525 3678 1744 3760 tincta,
1796 3698 1945 3762 pars
1994 3675 2251 3739 tarsalis
2300 3675 2438 3739 basi
2487 3673 2675 3738 modo
2707 3673 2970 3759 pallida,

400 3796 693 3847 ceterum
743 3782 953 3846 colore
1020 3784 1318 3847 umbrino
1366 3784 1636 3864 suffusa,
1702 3782 1899 3868 pedes
1949 3782 2209 3846 annulis
2274 3782 2591 3846 umbrinis
2656 3793 2769 3844 aut
2817 3779 2966 3843 fuli-

394 3891 609 3973 gineis
656 3891 866 3954 ornati
917 3912 1113 3977 prope
1160 3903 1272 3954 aut
1322 3913 1486 3977 pone
1535 3890 1823 3954 medium
1873 3901 1937 3953 et
1992 3891 2060 3952 in
2108 3892 2293 3976 apice
2342 3889 2676 3952 femorum.
2739 3889 2807 3950 in
2857 3910 2967 3972 pa—

397 3996 591 4080 tellis,
639 4020 803 4082 pone
852 3998 1059 4062 basim
1111 4008 1173 4060 et
1221 3999 1288 4060 in
1338 3998 1523 4082 apice
1570 3996 1880 4061 tibiarum
1930 4008 1992 4060 et
2040 4007 2555 4078 metatarsorum‚
2606 4017 2802 4082 prope
2837 4018 2967 4056 me,-

398 4102 583 4167 dium
633 4116 980 4186 tarsorumt,
1028 4103 1256 4168 annuli
1306 4104 1596 4191 plerique
1646 4103 1778 4187 lati,
1827 4105 1892 4167 in
1929 4104 2204 4189 pedibus
2252 4102 2686 4167 anterioribus
2737 4101 2966 4164 melius

398 4210 663 4294 evoluti,
710 4210 1006 4275 nonnulli
1055 4210 1251 4276 valde
1297 4211 1692 4296 incompleti.
1757 4234 1856 4274 ex.
1904 4233 1999 4294 gr.
2051 4212 2116 4272 in
2164 4209 2421 4296 patellis
2478 4220 2542 4273 et
2589 4231 2786 4294 prope
2835 4231 2965 4271 me-

400 4317 579 4381 dium
633 4318 950 4382 femorum
1001 4320 1450 4402 posteriorum3
1500 4317 1725 4381 annuli
1776 4317 1969 4381 medii
2023 4316 2341 4381 femorum
2377 4318 2772 4380 anteriorum
2805 4338 2966 4378 non-

398 4448 735 4512 nunquam
769 4427 835 4488 in
870 4428 1065 4490 vittas
1098 4425 1344 4509 longas.
1392 4424 1599 4489 basim
1636 4424 1983 4489 internodii
2020 4423 2154 4488 fere
2204 4424 2616 4506 attingentes,
2661 4423 2728 4484 in
2766 4420 2968 4485 latere

401 4534 733 4618 superiore
783 4534 1027 4619 postico
1076 4532 1343 4597 dilatati.
1419 4534 1693 4596 Femora
1740 4555 1855 4595 sex
1903 4534 2232 4594 anteriora
2278 4528 2504 4594 saltem
2555 4529 2694 4593 basi
2747 4529 2970 4592 subter

401 4639 722 4724 fuligineo
772 4640 1046 4704 fasciata
1076 4652 1186 4704 aut
1233 4639 1423 4722 modo
1458 4641 1520 4701 in
1557 4639 1756 4702 latere
1805 4640 2021 4702 antico
2055 4638 2245 4700 modo
2294 4638 2619 4722 utrimque
2653 4635 2968 4718 fuliginem

402 4746 747 4811 maculata.
809 4748 1026 4813 Coxae
1076 4747 1297 4811 subter
1344 4749 1527 4832 apice
1590 4760 1864 4831 anguste
1931 4747 2118 4829 nigro
2184 4745 2581 4829 marginatae
2645 4754 2708 4806 et
2756 4743 2966 4806 colore

406 4855 709 4919 umbrino
758 4854 1256 4940 inaequabiliter
1302 4855 1528 4939 pictae.
1586 4852 1928 4916 Abdomen
1978 4874 2174 4936 supra
2221 4863 2283 4916 et
2331 4852 2394 4914 in
2447 4851 2755 4914 lateribus
2804 4849 2966 4914 albi--
