<?xml version="1.0" encoding="UTF-8"?>
<!DOCTYPE html PUBLIC "-//W3C//DTD XHTML 1.0 Transitional//EN"
    "http://www.w3.org/TR/xhtml1/DTD/xhtml1-transitional.dtd">
<html xmlns="http://www.w3.org/1999/xhtml" xml:lang="en" lang="en">
 <head>
  <title>
</title>
<meta http-equiv="Content-Type" content="text/html;charset=utf-8" />
  <meta name='ocr-system' content='tesseract 3.04.00' />
  <meta name='ocr-capabilities' content='ocr_page ocr_carea ocr_par ocr_line ocrx_word'/>
</head>
<body>
  <div class='ocr_page' id='page_1' title='image "./bulletininterna05przgoog_0395.png"; bbox 0 0 3842 5942; ppageno 0'>
   <div class='ocr_carea' id='block_1_1' title="bbox 892 559 1020 623">
    <p class='ocr_par' dir='ltr' id='par_1_1' title="bbox 892 559 1020 623">
     <span class='ocr_line' id='line_1_1' title="bbox 892 559 1020 623; baseline 0.016 -2"><span class='ocrx_word' id='word_1_1' title='bbox 892 559 1020 623; x_wconf 72' lang='lat'>558</span> 
     </span>
    </p>
   </div>
   <div class='ocr_carea' id='block_1_2' title="bbox 888 770 3473 966">
    <p class='ocr_par' dir='ltr' id='par_1_2' title="bbox 888 770 3473 966">
     <span class='ocr_line' id='line_1_2' title="bbox 888 770 3473 858; baseline 0 -25"><span class='ocrx_word' id='word_1_2' title='bbox 888 770 1330 836; x_wconf 71' lang='lat' dir='ltr'><strong>divaricantes</strong></span> <span class='ocrx_word' id='word_1_3' title='bbox 1392 770 1647 835; x_wconf 87' lang='lat' dir='ltr'>desinat</span> <span class='ocrx_word' id='word_1_4' title='bbox 1708 771 1826 855; x_wconf 79' lang='lat' dir='ltr'>(CI.</span> <span class='ocrx_word' id='word_1_5' title='bbox 1888 773 2129 835; x_wconf 86' lang='lat' dir='ltr'>reclusa</span> <span class='ocrx_word' id='word_1_6' title='bbox 2191 771 2274 835; x_wconf 91' lang='lat' dir='ltr'>ad</span> <span class='ocrx_word' id='word_1_7' title='bbox 2329 771 2540 836; x_wconf 89' lang='lat' dir='ltr'>basim</span> <span class='ocrx_word' id='word_1_8' title='bbox 2604 793 2943 858; x_wconf 76' lang='lat' dir='ltr'>processus</span> <span class='ocrx_word' id='word_1_9' title='bbox 3005 771 3473 858; x_wconf 86' lang='lat' dir='ltr'>respondentis</span> 
     </span>
     <span class='ocr_line' id='line_1_3' title="bbox 891 877 3471 966; baseline 0.001 -27"><span class='ocrx_word' id='word_1_10' title='bbox 891 877 1081 943; x_wconf 86' lang='lat' dir='ltr'>dente</span> <span class='ocrx_word' id='word_1_11' title='bbox 1142 889 1412 942; x_wconf 89' lang='lat' dir='ltr'>ornatur</span> <span class='ocrx_word' id='word_1_12' title='bbox 1472 900 1702 964; x_wconf 58' lang='lat' dir='ltr'>parvm</span> <span class='ocrx_word' id='word_1_13' title='bbox 1765 877 2000 962; x_wconf 79' lang='lat' dir='ltr'>gracili</span> <span class='ocrx_word' id='word_1_14' title='bbox 2061 890 2377 964; x_wconf 80' lang='lat' dir='ltr'>porrect0‚</span> <span class='ocrx_word' id='word_1_15' title='bbox 2438 881 2551 965; x_wconf 91' lang='lat' dir='ltr'>qui</span> <span class='ocrx_word' id='word_1_16' title='bbox 2614 878 2950 944; x_wconf 86' lang='lat' dir='ltr'>difficilius</span> <span class='ocrx_word' id='word_1_17' title='bbox 3013 879 3471 966; x_wconf 77' lang='lat' dir='ltr'>conspicitur),</span> 
     </span>
    </p>
   </div>
   <div class='ocr_carea' id='block_1_3' title="bbox 886 984 3473 1287">
    <p class='ocr_par' dir='ltr' id='par_1_3' title="bbox 886 984 3473 1287">
     <span class='ocr_line' id='line_1_4' title="bbox 891 984 3473 1071; baseline 0.001 -25"><span class='ocrx_word' id='word_1_18' title='bbox 891 986 1185 1070; x_wconf 84' lang='lat' dir='ltr'>superior</span> <span class='ocrx_word' id='word_1_19' title='bbox 1236 1024 1310 1032; x_wconf 94' lang='lat'>—</span> <span class='ocrx_word' id='word_1_20' title='bbox 1363 985 1431 1046; x_wconf 87' lang='lat' dir='ltr'>in</span> <span class='ocrx_word' id='word_1_21' title='bbox 1481 984 1687 1048; x_wconf 88' lang='lat' dir='ltr'>fundo</span> <span class='ocrx_word' id='word_1_22' title='bbox 1734 984 1972 1048; x_wconf 82' lang='lat' dir='ltr'>alveoli</span> <span class='ocrx_word' id='word_1_23' title='bbox 2023 986 2185 1049; x_wconf 89' lang='lat' dir='ltr'>situs</span> <span class='ocrx_word' id='word_1_24' title='bbox 2234 1024 2320 1033; x_wconf 86' lang='lat'>-</span> <span class='ocrx_word' id='word_1_25' title='bbox 2367 986 2781 1071; x_wconf 81' lang='lat' dir='ltr'>processibus</span> <span class='ocrx_word' id='word_1_26' title='bbox 2843 985 3096 1050; x_wconf 90' lang='lat' dir='ltr'>duobus</span> <span class='ocrx_word' id='word_1_27' title='bbox 3158 985 3306 1050; x_wconf 88' lang='lat' dir='ltr'>aliis</span> <span class='ocrx_word' id='word_1_28' title='bbox 3377 987 3473 1049; x_wconf 89' lang='lat' dir='ltr'>ita</span> 
     </span>
     <span class='ocr_line' id='line_1_5' title="bbox 886 1091 3473 1180; baseline 0.001 -26"><span class='ocrx_word' id='word_1_29' title='bbox 886 1091 1268 1176; x_wconf 76' lang='lat' dir='ltr'>occultetur,</span> <span class='ocrx_word' id='word_1_30' title='bbox 1318 1102 1385 1155; x_wconf 92' lang='lat' dir='ltr'>ut</span> <span class='ocrx_word' id='word_1_31' title='bbox 1431 1114 1584 1178; x_wconf 89' lang='lat' dir='ltr'>pars</span> <span class='ocrx_word' id='word_1_32' title='bbox 1632 1092 1772 1155; x_wconf 88' lang='lat' dir='ltr'>eius</span> <span class='ocrx_word' id='word_1_33' title='bbox 1822 1091 2012 1156; x_wconf 90' lang='lat' dir='ltr'>modo</span> <span class='ocrx_word' id='word_1_34' title='bbox 2059 1091 2376 1178; x_wconf 80' lang='lat' dir='ltr'>quaedam</span> <span class='ocrx_word' id='word_1_35' title='bbox 2420 1115 2640 1179; x_wconf 81' lang='lat' dir='ltr'>parva,</span> <span class='ocrx_word' id='word_1_36' title='bbox 2689 1092 2960 1158; x_wconf 86' lang='lat' dir='ltr'>difficile</span> <span class='ocrx_word' id='word_1_37' title='bbox 3005 1093 3267 1180; x_wconf 90' lang='lat' dir='ltr'>quidem</span> <span class='ocrx_word' id='word_1_38' title='bbox 3304 1116 3473 1157; x_wconf 91' lang='lat' dir='ltr'>con-</span> 
     </span>
     <span class='ocr_line' id='line_1_6' title="bbox 888 1198 3470 1287; baseline 0.001 -26"><span class='ocrx_word' id='word_1_39' title='bbox 888 1199 1053 1286; x_wconf 89' lang='lat' dir='ltr'>spici</span> <span class='ocrx_word' id='word_1_40' title='bbox 1100 1201 1318 1283; x_wconf 84' lang='lat' dir='ltr'>possit.</span> <span class='ocrx_word' id='word_1_41' title='bbox 1367 1238 1453 1246; x_wconf 92' lang='lat'><strong>—</strong></span> <span class='ocrx_word' id='word_1_42' title='bbox 1502 1199 1873 1283; x_wconf 89' lang='lat' dir='ltr'>Descriptio</span> <span class='ocrx_word' id='word_1_43' title='bbox 1921 1211 1984 1263; x_wconf 91' lang='lat' dir='ltr'>et</span> <span class='ocrx_word' id='word_1_44' title='bbox 2028 1199 2241 1283; x_wconf 90' lang='lat' dir='ltr'>figura</span> <span class='ocrx_word' id='word_1_45' title='bbox 2288 1198 2702 1264; x_wconf 85' lang='lat' dir='ltr'>Blackwallii</span> <span class='ocrx_word' id='word_1_46' title='bbox 2754 1201 3077 1287; x_wconf 88' lang='lat' dir='ltr'>quadrant</span> <span class='ocrx_word' id='word_1_47' title='bbox 3121 1202 3346 1287; x_wconf 88' lang='lat' dir='ltr'>itaque</span> <span class='ocrx_word' id='word_1_48' title='bbox 3399 1201 3470 1263; x_wconf 92' lang='lat' dir='ltr'>in</span> 
     </span>
    </p>
   </div>
   <div class='ocr_carea' id='block_1_4' title="bbox 886 1304 3474 4608">
    <p class='ocr_par' dir='ltr' id='par_1_4' title="bbox 896 1304 2684 1392">
     <span class='ocr_line' id='line_1_7' title="bbox 896 1304 2684 1392; baseline 0.005 -29"><span class='ocrx_word' id='word_1_49' title='bbox 896 1308 982 1370; x_wconf 62' lang='lat' dir='ltr'>(fl.</span> <span class='ocrx_word' id='word_1_50' title='bbox 1030 1309 1349 1375; x_wconf 75' lang='lat' dir='ltr'>reclusam,</span> <span class='ocrx_word' id='word_1_51' title='bbox 1398 1328 1526 1369; x_wconf 90' lang='lat' dir='ltr'>non</span> <span class='ocrx_word' id='word_1_52' title='bbox 1575 1304 1895 1392; x_wconf 85' lang='lat' dir='ltr'>quadrant</span> <span class='ocrx_word' id='word_1_53' title='bbox 1941 1306 2008 1369; x_wconf 89' lang='lat' dir='ltr'>in</span> <span class='ocrx_word' id='word_1_54' title='bbox 2067 1307 2154 1371; x_wconf 75' lang='grc' dir='ltr'>ΟΖ.</span> <span class='ocrx_word' id='word_1_55' title='bbox 2198 1309 2469 1391; x_wconf 63' lang='grc' dir='ltr'>ῃήεεαπι</span> <span class='ocrx_word' id='word_1_56' title='bbox 2517 1319 2684 1372; x_wconf 87' lang='lat' dir='ltr'>auct.</span> 
     </span>
    </p>

    <p class='ocr_par' dir='ltr' id='par_1_5' title="bbox 886 1412 3474 2784">
     <span class='ocr_line' id='line_1_8' title="bbox 1023 1412 3474 1504; baseline -0.001 -24"><span class='ocrx_word' id='word_1_57' title='bbox 1023 1413 1153 1480; x_wconf 88' lang='lat' dir='ltr'>Sed</span> <span class='ocrx_word' id='word_1_58' title='bbox 1198 1413 1357 1477; x_wconf 87' lang='lat' dir='ltr'>Rev.</span> <span class='ocrx_word' id='word_1_59' title='bbox 1406 1412 1480 1478; x_wconf 89' lang='lat' dir='ltr'>O.</span> <span class='ocrx_word' id='word_1_60' title='bbox 1530 1413 1599 1477; x_wconf 89' lang='lat' dir='ltr'>P.</span> <span class='ocrx_word' id='word_1_61' title='bbox 1646 1413 2044 1499; x_wconf 85' lang='lat' dir='ltr'>Cambridge</span> <span class='ocrx_word' id='word_1_62' title='bbox 2092 1413 2441 1499; x_wconf 73' lang='lat' dir='ltr'>contendit,</span> <span class='ocrx_word' id='word_1_63' title='bbox 2471 1437 2539 1478; x_wconf 91' lang='lat' dir='ltr'>se</span> <span class='ocrx_word' id='word_1_64' title='bbox 2573 1415 2944 1501; x_wconf 86' lang='lat' dir='ltr'>exemplum</span> <span class='ocrx_word' id='word_1_65' title='bbox 2978 1417 3275 1504; x_wconf 88' lang='lat' dir='ltr'>typicum</span> <span class='ocrx_word' id='word_1_66' title='bbox 3315 1414 3474 1479; x_wconf 83' lang='lat' dir='ltr'>Clu-</span> 
     </span>
     <span class='ocr_line' id='line_1_9' title="bbox 889 1518 3472 1610; baseline 0 -27"><span class='ocrx_word' id='word_1_67' title='bbox 889 1521 1101 1585; x_wconf 81' lang='lat' dir='ltr'>bionae</span> <span class='ocrx_word' id='word_1_68' title='bbox 1145 1521 1545 1585; x_wconf 77' lang='lat' dir='ltr'>holosericeae</span> <span class='ocrx_word' id='word_1_69' title='bbox 1591 1518 2148 1585; x_wconf 83' lang='lat' dir='ltr'>Blackwallianae</span> <span class='ocrx_word' id='word_1_70' title='bbox 2197 1520 2545 1605; x_wconf 78' lang='lat' dir='ltr'>possidere,</span> <span class='ocrx_word' id='word_1_71' title='bbox 2603 1534 2666 1586; x_wconf 92' lang='lat' dir='ltr'>et</span> <span class='ocrx_word' id='word_1_72' title='bbox 2695 1522 3083 1610; x_wconf 18' lang='lat' dir='ltr'>*exemplum</span> <span class='ocrx_word' id='word_1_73' title='bbox 3134 1521 3258 1585; x_wconf 92' lang='lat' dir='ltr'>hoc</span> <span class='ocrx_word' id='word_1_74' title='bbox 3313 1521 3472 1585; x_wconf 82' lang='lat' dir='ltr'>Clu-</span> 
     </span>
     <span class='ocr_line' id='line_1_10' title="bbox 889 1627 3474 1714; baseline 0.001 -24"><span class='ocrx_word' id='word_1_75' title='bbox 889 1629 1125 1692; x_wconf 76' lang='lat' dir='ltr'>bionem</span> <span class='ocrx_word' id='word_1_76' title='bbox 1168 1632 1441 1713; x_wconf 73' lang='lat' dir='ltr'>qriseam</span> <span class='ocrx_word' id='word_1_77' title='bbox 1487 1639 1652 1691; x_wconf 87' lang='lat' dir='ltr'>auct.</span> <span class='ocrx_word' id='word_1_78' title='bbox 1707 1650 1849 1691; x_wconf 84' lang='lat' dir='ltr'>esse</span> <span class='ocrx_word' id='word_1_79' title='bbox 1896 1649 2107 1714; x_wconf 91' lang='lat' dir='ltr'>neque</span> <span class='ocrx_word' id='word_1_80' title='bbox 2160 1628 2248 1692; x_wconf 72' lang='grc' dir='ltr'>ΟΖ.</span> <span class='ocrx_word' id='word_1_81' title='bbox 2301 1631 2621 1693; x_wconf 81' lang='lat' dir='ltr'>reclusam.</span> <span class='ocrx_word' id='word_1_82' title='bbox 2682 1630 2827 1693; x_wconf 87' lang='lat' dir='ltr'>Non</span> <span class='ocrx_word' id='word_1_83' title='bbox 2876 1627 3156 1694; x_wconf 86' lang='lat' dir='ltr'>libenter</span> <span class='ocrx_word' id='word_1_84' title='bbox 3203 1641 3474 1692; x_wconf 89' lang='lat' dir='ltr'>contra-</span> 
     </span>
     <span class='ocr_line' id='line_1_11' title="bbox 889 1734 3470 1821; baseline 0 -24"><span class='ocrx_word' id='word_1_85' title='bbox 889 1734 1036 1799; x_wconf 90' lang='lat' dir='ltr'>dico</span> <span class='ocrx_word' id='word_1_86' title='bbox 1084 1735 1247 1799; x_wconf 90' lang='lat' dir='ltr'>Viro</span> <span class='ocrx_word' id='word_1_87' title='bbox 1296 1734 1677 1813; x_wconf 67' lang='lat' dir='ltr'>clarissimo,</span> <span class='ocrx_word' id='word_1_88' title='bbox 1727 1734 1840 1799; x_wconf 90' lang='lat' dir='ltr'>sed</span> <span class='ocrx_word' id='word_1_89' title='bbox 1890 1757 2020 1799; x_wconf 91' lang='lat' dir='ltr'>non</span> <span class='ocrx_word' id='word_1_90' title='bbox 2067 1757 2360 1819; x_wconf 75' lang='lat' dir='ltr'>possum,</span> <span class='ocrx_word' id='word_1_91' title='bbox 2408 1737 2565 1821; x_wconf 89' lang='lat' dir='ltr'>quin</span> <span class='ocrx_word' id='word_1_92' title='bbox 2615 1736 3056 1801; x_wconf 87' lang='lat' dir='ltr'>contradicam</span> <span class='ocrx_word' id='word_1_93' title='bbox 3123 1736 3190 1801; x_wconf 87' lang='lat' dir='ltr'>Si</span> <span class='ocrx_word' id='word_1_94' title='bbox 3240 1758 3470 1800; x_wconf 79' lang='lat' dir='ltr'>exem·</span> 
     </span>
     <span class='ocr_line' id='line_1_12' title="bbox 892 1841 3468 1929; baseline -0 -23"><span class='ocrx_word' id='word_1_95' title='bbox 892 1843 1071 1929; x_wconf 91' lang='lat' dir='ltr'>plum</span> <span class='ocrx_word' id='word_1_96' title='bbox 1121 1841 1281 1906; x_wconf 91' lang='lat' dir='ltr'>illud</span> <span class='ocrx_word' id='word_1_97' title='bbox 1330 1843 1638 1907; x_wconf 88' lang='lat' dir='ltr'>convenit</span> <span class='ocrx_word' id='word_1_98' title='bbox 1684 1864 1834 1905; x_wconf 90' lang='lat' dir='ltr'>cum</span> <span class='ocrx_word' id='word_1_99' title='bbox 1881 1842 2319 1927; x_wconf 85' lang='lat' dir='ltr'>descriptione</span> <span class='ocrx_word' id='word_1_100' title='bbox 2368 1842 2796 1928; x_wconf 79' lang='lat' dir='ltr'>Blackwallii‚</span> <span class='ocrx_word' id='word_1_101' title='bbox 2846 1866 2975 1907; x_wconf 92' lang='lat' dir='ltr'>non</span> <span class='ocrx_word' id='word_1_102' title='bbox 3022 1854 3119 1907; x_wconf 84' lang='lat' dir='ltr'>est</span> <span class='ocrx_word' id='word_1_103' title='bbox 3156 1844 3468 1907; x_wconf 79' lang='lat' dir='ltr'>Clubiona</span> 
     </span>
     <span class='ocr_line' id='line_1_13' title="bbox 886 1949 3471 2038; baseline -0.001 -24"><span class='ocrx_word' id='word_1_104' title='bbox 886 1954 1095 2035; x_wconf 72' lang='lat' dir='ltr'>qrz&#39;sea</span> <span class='ocrx_word' id='word_1_105' title='bbox 1142 1961 1310 2013; x_wconf 90' lang='lat' dir='ltr'>auct.</span> <span class='ocrx_word' id='word_1_106' title='bbox 1359 1949 1471 2013; x_wconf 90' lang='lat' dir='ltr'>sed</span> <span class='ocrx_word' id='word_1_107' title='bbox 1528 1950 1617 2013; x_wconf 75' lang='lat' dir='ltr'>Ol.</span> <span class='ocrx_word' id='word_1_108' title='bbox 1667 1952 1910 2013; x_wconf 85' lang='lat' dir='ltr'>reclusa</span> <span class='ocrx_word' id='word_1_109' title='bbox 1925 1974 1948 2029; x_wconf 89' lang='lat'><em>;</em></span> <span class='ocrx_word' id='word_1_110' title='bbox 1995 1951 2048 2011; x_wconf 89' lang='lat' dir='ltr'>si</span> <span class='ocrx_word' id='word_1_111' title='bbox 2099 1972 2229 2012; x_wconf 89' lang='lat' dir='ltr'>non</span> <span class='ocrx_word' id='word_1_112' title='bbox 2263 1951 2585 2015; x_wconf 84' lang='lat' dir='ltr'>convenit.</span> <span class='ocrx_word' id='word_1_113' title='bbox 2634 1973 2761 2015; x_wconf 92' lang='lat' dir='ltr'>non</span> <span class='ocrx_word' id='word_1_114' title='bbox 2812 1961 2908 2014; x_wconf 87' lang='lat' dir='ltr'>est</span> <span class='ocrx_word' id='word_1_115' title='bbox 2941 1950 3252 2038; x_wconf 81' lang='lat' dir='ltr'>typicum.</span> <span class='ocrx_word' id='word_1_116' title='bbox 3303 1949 3471 2013; x_wconf 87' lang='lat' dir='ltr'>Ter-</span> 
     </span>
     <span class='ocr_line' id='line_1_14' title="bbox 890 2055 3474 2142; baseline -0.001 -22"><span class='ocrx_word' id='word_1_117' title='bbox 890 2058 1052 2120; x_wconf 91' lang='lat' dir='ltr'>tium</span> <span class='ocrx_word' id='word_1_118' title='bbox 1102 2079 1231 2119; x_wconf 89' lang='lat' dir='ltr'>non</span> <span class='ocrx_word' id='word_1_119' title='bbox 1279 2055 1497 2135; x_wconf 79' lang='lat' dir='ltr'>datur3</span> <span class='ocrx_word' id='word_1_120' title='bbox 1547 2056 1692 2142; x_wconf 87' lang='lat' dir='ltr'>quis</span> <span class='ocrx_word' id='word_1_121' title='bbox 1739 2057 1915 2120; x_wconf 89' lang='lat' dir='ltr'>enim</span> <span class='ocrx_word' id='word_1_122' title='bbox 1966 2057 2378 2141; x_wconf 72' lang='lat' dir='ltr'>concesserit,</span> <span class='ocrx_word' id='word_1_123' title='bbox 2423 2056 2922 2122; x_wconf 86' lang='lat' dir='ltr'>Blackwallium</span> <span class='ocrx_word' id='word_1_124' title='bbox 2963 2056 3328 2121; x_wconf 79' lang='lat' dir='ltr'>Clubiouam</span> <span class='ocrx_word' id='word_1_125' title='bbox 3364 2056 3474 2119; x_wconf 82' lang='lat' dir='ltr'>ho-</span> 
     </span>
     <span class='ocr_line' id='line_1_15' title="bbox 891 2162 3472 2251; baseline -0.001 -24"><span class='ocrx_word' id='word_1_126' title='bbox 891 2166 1241 2228; x_wconf 77' lang='lat' dir='ltr'>losericeam</span> <span class='ocrx_word' id='word_1_127' title='bbox 1289 2185 1475 2226; x_wconf 88' lang='lat' dir='ltr'>suam</span> <span class='ocrx_word' id='word_1_128' title='bbox 1525 2162 1883 2227; x_wconf 86' lang='lat' dir='ltr'>secundum</span> <span class='ocrx_word' id='word_1_129' title='bbox 1934 2162 2309 2249; x_wconf 85' lang='lat' dir='ltr'>exemplum</span> <span class='ocrx_word' id='word_1_130' title='bbox 2347 2165 2680 2229; x_wconf 81' lang='lat' dir='ltr'>Clubz&#39;onae</span> <span class='ocrx_word' id='word_1_131' title='bbox 2706 2168 2946 2251; x_wconf 73' lang='lat' dir='ltr'>yrz&#39;seae</span> <span class='ocrx_word' id='word_1_132' title='bbox 2994 2176 3158 2227; x_wconf 89' lang='lat' dir='ltr'>auct.</span> <span class='ocrx_word' id='word_1_133' title='bbox 3208 2164 3302 2227; x_wconf 84' lang='lat' dir='ltr'>ita</span> <span class='ocrx_word' id='word_1_134' title='bbox 3351 2162 3472 2225; x_wconf 88' lang='lat' dir='ltr'>de-</span> 
     </span>
     <span class='ocr_line' id='line_1_16' title="bbox 892 2268 3472 2357; baseline -0.001 -23"><span class='ocrx_word' id='word_1_135' title='bbox 892 2271 1248 2356; x_wconf 73' lang='lat' dir='ltr'>scripsisse,</span> <span class='ocrx_word' id='word_1_136' title='bbox 1298 2281 1367 2333; x_wconf 93' lang='lat' dir='ltr'>ut</span> <span class='ocrx_word' id='word_1_137' title='bbox 1415 2268 1763 2357; x_wconf 89' lang='lat' dir='ltr'>descriptio</span> <span class='ocrx_word' id='word_1_138' title='bbox 1808 2269 2085 2356; x_wconf 87' lang='lat' dir='ltr'>quadret</span> <span class='ocrx_word' id='word_1_139' title='bbox 2131 2271 2200 2334; x_wconf 90' lang='lat' dir='ltr'>in</span> <span class='ocrx_word' id='word_1_140' title='bbox 2256 2270 2342 2334; x_wconf 68' lang='lat' dir='ltr'>(jJL</span> <span class='ocrx_word' id='word_1_141' title='bbox 2389 2273 2710 2353; x_wconf 77' lang='lat' dir='ltr'>reclusam,</span> <span class='ocrx_word' id='word_1_142' title='bbox 2760 2272 2826 2334; x_wconf 89' lang='lat' dir='ltr'>in</span> <span class='ocrx_word' id='word_1_143' title='bbox 2883 2274 2968 2335; x_wconf 78' lang='lat'>(7.</span> <span class='ocrx_word' id='word_1_144' title='bbox 2998 2273 3269 2356; x_wconf 70' lang='lat' dir='ltr'>⁴qriseam</span> <span class='ocrx_word' id='word_1_145' title='bbox 3306 2292 3472 2333; x_wconf 86' lang='lat' dir='ltr'>vero</span> 
     </span>
     <span class='ocr_line' id='line_1_17' title="bbox 893 2376 3472 2463; baseline -0.001 -23"><span class='ocrx_word' id='word_1_146' title='bbox 893 2399 1019 2441; x_wconf 92' lang='lat' dir='ltr'>non</span> <span class='ocrx_word' id='word_1_147' title='bbox 1069 2376 1389 2463; x_wconf 76' lang='lat' dir='ltr'>quadret?</span> <span class='ocrx_word' id='word_1_148' title='bbox 1438 2415 1521 2424; x_wconf 91' lang='lat'>-—</span> <span class='ocrx_word' id='word_1_149' title='bbox 1569 2376 1761 2457; x_wconf 76' lang='lat' dir='ltr'>Quod</span> <span class='ocrx_word' id='word_1_150' title='bbox 1809 2376 2280 2441; x_wconf 84' lang='lat' dir='ltr'>Blackwallius</span> <span class='ocrx_word' id='word_1_151' title='bbox 2334 2380 2698 2444; x_wconf 81' lang='lat' dir='ltr'>Clubz’onam</span> <span class='ocrx_word' id='word_1_152' title='bbox 2741 2380 3042 2443; x_wconf 81' lang='lat' dir='ltr'>reclusam</span> <span class='ocrx_word' id='word_1_153' title='bbox 3088 2401 3127 2441; x_wconf 87' lang='lat' dir='ltr'>a</span> <span class='ocrx_word' id='word_1_154' title='bbox 3173 2377 3340 2442; x_wconf 82' lang='lat' dir='ltr'>Rev.</span> <span class='ocrx_word' id='word_1_155' title='bbox 3392 2376 3472 2441; x_wconf 90' lang='grc' dir='ltr'>Ο.</span> 
     </span>
     <span class='ocr_line' id='line_1_18' title="bbox 893 2482 3469 2570; baseline -0.001 -21"><span class='ocrx_word' id='word_1_156' title='bbox 893 2487 961 2549; x_wconf 86' lang='grc' dir='ltr'>Ρ.</span> <span class='ocrx_word' id='word_1_157' title='bbox 1010 2483 1444 2569; x_wconf 85' lang='lat' dir='ltr'>Cambridgeo</span> <span class='ocrx_word' id='word_1_158' title='bbox 1492 2486 2036 2549; x_wconf 87' lang='lat' dir='ltr'>communicatam</span> <span class='ocrx_word' id='word_1_159' title='bbox 2085 2486 2368 2570; x_wconf 87' lang='lat' dir='ltr'>speciem</span> <span class='ocrx_word' id='word_1_160' title='bbox 2416 2485 2540 2549; x_wconf 90' lang='lat' dir='ltr'>sibi</span> <span class='ocrx_word' id='word_1_161' title='bbox 2575 2487 2864 2570; x_wconf 89' lang='lat' dir='ltr'>ignotam</span> <span class='ocrx_word' id='word_1_162' title='bbox 2905 2509 3048 2550; x_wconf 86' lang='lat' dir='ltr'>esse</span> <span class='ocrx_word' id='word_1_163' title='bbox 3080 2482 3469 2549; x_wconf 77' lang='lat' dir='ltr'>declarave-</span> 
     </span>
     <span class='ocr_line' id='line_1_19' title="bbox 892 2590 3470 2677; baseline 0 -22"><span class='ocrx_word' id='word_1_164' title='bbox 892 2593 994 2677; x_wconf 83' lang='lat' dir='ltr'>rit,</span> <span class='ocrx_word' id='word_1_165' title='bbox 1040 2613 1145 2655; x_wconf 90' lang='lat' dir='ltr'>res</span> <span class='ocrx_word' id='word_1_166' title='bbox 1193 2613 1322 2655; x_wconf 88' lang='lat' dir='ltr'>non</span> <span class='ocrx_word' id='word_1_167' title='bbox 1365 2591 1520 2655; x_wconf 87' lang='lat' dir='ltr'>satis</span> <span class='ocrx_word' id='word_1_168' title='bbox 1568 2593 1790 2676; x_wconf 88' lang='lat' dir='ltr'>magni</span> <span class='ocrx_word' id='word_1_169' title='bbox 1839 2593 2148 2656; x_wconf 87' lang='lat' dir='ltr'>momenti</span> <span class='ocrx_word' id='word_1_170' title='bbox 2185 2603 2306 2672; x_wconf 83' lang='lat' dir='ltr'>est3</span> <span class='ocrx_word' id='word_1_171' title='bbox 2354 2591 2655 2656; x_wconf 88' lang='lat' dir='ltr'>incidunt</span> <span class='ocrx_word' id='word_1_172' title='bbox 2702 2593 2767 2655; x_wconf 90' lang='lat' dir='ltr'>in</span> <span class='ocrx_word' id='word_1_173' title='bbox 2800 2615 3084 2656; x_wconf 89' lang='lat' dir='ltr'>errorem</span> <span class='ocrx_word' id='word_1_174' title='bbox 3134 2593 3334 2656; x_wconf 90' lang='lat' dir='ltr'>etiam</span> <span class='ocrx_word' id='word_1_175' title='bbox 3371 2590 3470 2655; x_wconf 85' lang='lat' dir='ltr'>di-</span> 
     </span>
     <span class='ocr_line' id='line_1_20' title="bbox 892 2698 1396 2784; baseline -0.002 -23"><span class='ocrx_word' id='word_1_176' title='bbox 892 2698 1308 2784; x_wconf 83' lang='lat' dir='ltr'>ligentissimi</span> <span class='ocrx_word' id='word_1_177' title='bbox 1336 2700 1396 2778; x_wconf 85' lang='lat'>¹).</span> 
     </span>
    </p>

    <p class='ocr_par' dir='ltr' id='par_1_6' title="bbox 893 2805 3472 4608">
     <span class='ocr_line' id='line_1_21' title="bbox 1033 2805 3470 2893; baseline -0.001 -23"><span class='ocrx_word' id='word_1_178' title='bbox 1033 2807 1397 2871; x_wconf 60' lang='lat' dir='ltr'>Clubtonam</span> <span class='ocrx_word' id='word_1_179' title='bbox 1438 2809 1711 2892; x_wconf 73' lang='lat' dir='ltr'>qriseam</span> <span class='ocrx_word' id='word_1_180' title='bbox 1757 2806 1829 2869; x_wconf 92' lang='lat' dir='ltr'>L.</span> <span class='ocrx_word' id='word_1_181' title='bbox 1879 2805 2068 2870; x_wconf 87' lang='lat' dir='ltr'>Koch</span> <span class='ocrx_word' id='word_1_182' title='bbox 2101 2805 2272 2893; x_wconf 90' lang='lat' dir='ltr'>quod</span> <span class='ocrx_word' id='word_1_183' title='bbox 2307 2807 2552 2891; x_wconf 79' lang='lat' dir='ltr'>attinet,</span> <span class='ocrx_word' id='word_1_184' title='bbox 2585 2805 2781 2870; x_wconf 88' lang='lat' dir='ltr'>facile</span> <span class='ocrx_word' id='word_1_185' title='bbox 2828 2805 3221 2871; x_wconf 89' lang='lat' dir='ltr'>crediderim</span> <span class='ocrx_word' id='word_1_186' title='bbox 3254 2828 3295 2871; x_wconf 88' lang='lat' dir='ltr'>a</span> <span class='ocrx_word' id='word_1_187' title='bbox 3329 2805 3470 2871; x_wconf 82' lang='lat' dir='ltr'>Cel.</span> 
     </span>
     <span class='ocr_line' id='line_1_22' title="bbox 895 2912 3468 3000; baseline -0.001 -22"><span class='ocrx_word' id='word_1_188' title='bbox 895 2915 1031 2979; x_wconf 90' lang='lat' dir='ltr'>Dre</span> <span class='ocrx_word' id='word_1_189' title='bbox 1078 2915 1150 2977; x_wconf 92' lang='lat' dir='ltr'>L.</span> <span class='ocrx_word' id='word_1_190' title='bbox 1197 2912 1452 2977; x_wconf 89' lang='lat' dir='ltr'>Kochio</span> <span class='ocrx_word' id='word_1_191' title='bbox 1500 2913 1619 2977; x_wconf 88' lang='lat' dir='ltr'>sub</span> <span class='ocrx_word' id='word_1_192' title='bbox 1669 2912 1793 2977; x_wconf 92' lang='lat' dir='ltr'>hoc</span> <span class='ocrx_word' id='word_1_193' title='bbox 1840 2915 2101 2978; x_wconf 89' lang='lat' dir='ltr'>nomine</span> <span class='ocrx_word' id='word_1_194' title='bbox 2156 2915 2487 2979; x_wconf 73' lang='lat' dir='ltr'>Clubiouas</span> <span class='ocrx_word' id='word_1_195' title='bbox 2531 2915 2833 2978; x_wconf 82' lang='lat' dir='ltr'>reclusam</span> <span class='ocrx_word' id='word_1_196' title='bbox 2880 2926 2942 2977; x_wconf 87' lang='lat' dir='ltr'>et</span> <span class='ocrx_word' id='word_1_197' title='bbox 2970 2917 3242 3000; x_wconf 73' lang='lat' dir='ltr'>qriseam</span> <span class='ocrx_word' id='word_1_198' title='bbox 3290 2924 3468 2977; x_wconf 81' lang='lat' dir='ltr'>auct.</span> 
     </span>
     <span class='ocr_line' id='line_1_23' title="bbox 893 3019 3466 3105; baseline -0.002 -20"><span class='ocrx_word' id='word_1_199' title='bbox 893 3021 1077 3085; x_wconf 89' lang='lat' dir='ltr'>initio</span> <span class='ocrx_word' id='word_1_200' title='bbox 1126 3020 1432 3085; x_wconf 88' lang='lat' dir='ltr'>confusas</span> <span class='ocrx_word' id='word_1_201' title='bbox 1496 3043 1653 3085; x_wconf 89' lang='lat' dir='ltr'>esse.</span> <span class='ocrx_word' id='word_1_202' title='bbox 1720 3020 2096 3086; x_wconf 88' lang='lat' dir='ltr'>Secundum</span> <span class='ocrx_word' id='word_1_203' title='bbox 2152 3022 2318 3105; x_wconf 83' lang='lat' dir='ltr'>„Die</span> <span class='ocrx_word' id='word_1_204' title='bbox 2367 3019 3045 3085; x_wconf 88' lang='lat' dir='ltr'>Arachnidenfamilie</span> <span class='ocrx_word' id='word_1_205' title='bbox 3091 3019 3207 3083; x_wconf 90' lang='lat' dir='ltr'>der</span> <span class='ocrx_word' id='word_1_206' title='bbox 3255 3021 3466 3084; x_wconf 89' lang='lat' dir='ltr'>Dras-</span> 
     </span>
     <span class='ocr_line' id='line_1_24' title="bbox 895 3126 3472 3214; baseline -0.001 -22"><span class='ocrx_word' id='word_1_207' title='bbox 895 3128 1119 3192; x_wconf 81' lang='lat' dir='ltr'>siden“</span> <span class='ocrx_word' id='word_1_208' title='bbox 1174 3151 1316 3213; x_wconf 85' lang='lat' dir='ltr'>pag.</span> <span class='ocrx_word' id='word_1_209' title='bbox 1365 3129 1514 3211; x_wconf 74' lang='lat'><strong>323,</strong></span> <span class='ocrx_word' id='word_1_210' title='bbox 1583 3128 1881 3192; x_wconf 80' lang='lat' dir='ltr'>Clubiona</span> <span class='ocrx_word' id='word_1_211' title='bbox 1924 3130 2132 3214; x_wconf 77' lang='lat' dir='ltr'>yrisea</span> <span class='ocrx_word' id='word_1_212' title='bbox 2178 3127 2346 3192; x_wconf 88' lang='lat' dir='ltr'>lecta</span> <span class='ocrx_word' id='word_1_213' title='bbox 2394 3140 2491 3192; x_wconf 90' lang='lat' dir='ltr'>est</span> <span class='ocrx_word' id='word_1_214' title='bbox 2544 3138 2774 3213; x_wconf 85' lang='lat' dir='ltr'>⁷⁷unter</span> <span class='ocrx_word' id='word_1_215' title='bbox 2827 3126 3228 3192; x_wconf 85' lang='lat' dir='ltr'>Rollsteincn</span> <span class='ocrx_word' id='word_1_216' title='bbox 3278 3128 3472 3191; x_wconf 86' lang='lat' dir='ltr'>eines</span> 
     </span>
     <span class='ocr_line' id='line_1_25' title="bbox 893 3233 3466 3319; baseline -0.002 -18"><span class='ocrx_word' id='word_1_217' title='bbox 893 3235 1331 3301; x_wconf 86' lang='lat' dir='ltr'>Giessbaches</span> <span class='ocrx_word' id='word_1_218' title='bbox 1379 3236 1467 3299; x_wconf 91' lang='lat' dir='ltr'>im</span> <span class='ocrx_word' id='word_1_219' title='bbox 1516 3233 1924 3299; x_wconf 85' lang='lat' dir='ltr'>Duxerthale</span> <span class='ocrx_word' id='word_1_220' title='bbox 1974 3234 2241 3319; x_wconf 85' lang='lat' dir='ltr'>(Tirol)“</span> <span class='ocrx_word' id='word_1_221' title='bbox 2312 3245 2375 3298; x_wconf 91' lang='lat' dir='ltr'>et</span> <span class='ocrx_word' id='word_1_222' title='bbox 2420 3236 2488 3298; x_wconf 89' lang='lat' dir='ltr'>in</span> <span class='ocrx_word' id='word_1_223' title='bbox 2537 3234 2886 3299; x_wconf 66' lang='lat' dir='ltr'>Dalmatia.</span> <span class='ocrx_word' id='word_1_224' title='bbox 2935 3235 3170 3299; x_wconf 86' lang='lat' dir='ltr'>Eidem</span> <span class='ocrx_word' id='word_1_225' title='bbox 3218 3235 3466 3319; x_wconf 84' lang='lat' dir='ltr'>speciei</span> 
     </span>
     <span class='ocr_line' id='line_1_26' title="bbox 895 3340 3470 3427; baseline -0.001 -22"><span class='ocrx_word' id='word_1_226' title='bbox 895 3343 1349 3408; x_wconf 82' lang='lat' dir='ltr'>subiunxit</span> <span class='ocrx_word' id='word_1_227' title='bbox 1411 3343 1662 3406; x_wconf 88' lang='lat' dir='ltr'>Auctor</span> <span class='ocrx_word' id='word_1_228' title='bbox 1732 3340 2200 3406; x_wconf 89' lang='lat' dir='ltr'>celeberrimus</span> <span class='ocrx_word' id='word_1_229' title='bbox 2277 3341 2580 3427; x_wconf 85' lang='lat' dir='ltr'>exempla</span> <span class='ocrx_word' id='word_1_230' title='bbox 2662 3364 2781 3425; x_wconf 81' lang='lat' dir='ltr'>„an</span> <span class='ocrx_word' id='word_1_231' title='bbox 2855 3341 2983 3405; x_wconf 89' lang='lat' dir='ltr'>den</span> <span class='ocrx_word' id='word_1_232' title='bbox 3052 3341 3263 3405; x_wconf 89' lang='lat' dir='ltr'>Ufern</span> <span class='ocrx_word' id='word_1_233' title='bbox 3348 3341 3470 3403; x_wconf 87' lang='lat' dir='ltr'>des</span> 
     </span>
     <span class='ocr_line' id='line_1_27' title="bbox 894 3447 3460 3535; baseline -0.001 -22"><span class='ocrx_word' id='word_1_234' title='bbox 894 3448 1484 3514; x_wconf 81' lang='lat' dir='ltr'>Dutzendteiches“</span> <span class='ocrx_word' id='word_1_235' title='bbox 1537 3462 1790 3535; x_wconf 86' lang='lat' dir='ltr'>reperta</span> <span class='ocrx_word' id='word_1_236' title='bbox 1838 3447 2143 3533; x_wconf 80' lang='lat' dir='ltr'>(„Auch</span> <span class='ocrx_word' id='word_1_237' title='bbox 2193 3450 2293 3513; x_wconf 88' lang='lat' dir='ltr'>bei</span> <span class='ocrx_word' id='word_1_238' title='bbox 2331 3449 2683 3533; x_wconf 75' lang='lat' dir='ltr'>Nurnberg</span> <span class='ocrx_word' id='word_1_239' title='bbox 2730 3447 2890 3512; x_wconf 82' lang='lat' dir='ltr'>saud</span> <span class='ocrx_word' id='word_1_240' title='bbox 2922 3449 3029 3513; x_wconf 89' lang='lat' dir='ltr'>ich</span> <span class='ocrx_word' id='word_1_241' title='bbox 3078 3449 3256 3512; x_wconf 89' lang='lat' dir='ltr'>diese</span> <span class='ocrx_word' id='word_1_242' title='bbox 3287 3448 3460 3512; x_wconf 79' lang='lat' dir='ltr'>Art“</span> 
     </span>
     <span class='ocr_line' id='line_1_28' title="bbox 896 3554 3464 3642; baseline -0.001 -23"><span class='ocrx_word' id='word_1_243' title='bbox 896 3556 934 3619; x_wconf 87' lang='lat' dir='ltr'>l.</span> <span class='ocrx_word' id='word_1_244' title='bbox 984 3559 1081 3639; x_wconf 85' lang='lat' dir='ltr'>c.).</span> <span class='ocrx_word' id='word_1_245' title='bbox 1145 3555 1269 3621; x_wconf 85' lang='lat' dir='ltr'>Sed</span> <span class='ocrx_word' id='word_1_246' title='bbox 1342 3557 1407 3619; x_wconf 89' lang='lat' dir='ltr'>in</span> <span class='ocrx_word' id='word_1_247' title='bbox 1484 3555 1983 3642; x_wconf 83' lang='lat' dir='ltr'>„Verzeichniss</span> <span class='ocrx_word' id='word_1_248' title='bbox 2053 3555 2172 3620; x_wconf 88' lang='lat' dir='ltr'>der</span> <span class='ocrx_word' id='word_1_249' title='bbox 2231 3557 2299 3619; x_wconf 90' lang='lat' dir='ltr'>in</span> <span class='ocrx_word' id='word_1_250' title='bbox 2367 3556 2543 3620; x_wconf 87' lang='lat' dir='ltr'>Tirol</span> <span class='ocrx_word' id='word_1_251' title='bbox 2609 3557 2708 3620; x_wconf 92' lang='lat' dir='ltr'>bis</span> <span class='ocrx_word' id='word_1_252' title='bbox 2765 3558 2930 3642; x_wconf 87' lang='lat' dir='ltr'>jetzt</span> <span class='ocrx_word' id='word_1_253' title='bbox 2989 3554 3464 3620; x_wconf 84' lang='lat' dir='ltr'>beobachteten</span> 
     </span>
     <span class='ocr_line' id='line_1_29' title="bbox 898 3658 3457 3751; baseline -0 -24"><span class='ocrx_word' id='word_1_254' title='bbox 898 3662 1353 3728; x_wconf 82' lang='lat' dir='ltr'>Arachniden“</span> <span class='ocrx_word' id='word_1_255' title='bbox 1422 3658 1758 3744; x_wconf 87' lang='lat' dir='ltr'>(Zeitschr.</span> <span class='ocrx_word' id='word_1_256' title='bbox 1822 3663 1879 3726; x_wconf 89' lang='lat' dir='ltr'>d.</span> <span class='ocrx_word' id='word_1_257' title='bbox 1943 3664 2507 3728; x_wconf 86' lang='lat' dir='ltr'>Ferdinandeums</span> <span class='ocrx_word' id='word_1_258' title='bbox 2573 3664 2769 3750; x_wconf 81' lang='grc'>1876)</span> <span class='ocrx_word' id='word_1_259' title='bbox 2833 3687 2977 3751; x_wconf 84' lang='lat' dir='ltr'>pag.</span> <span class='ocrx_word' id='word_1_260' title='bbox 3028 3666 3155 3727; x_wconf 68' lang='lat'>256</span> <span class='ocrx_word' id='word_1_261' title='bbox 3215 3676 3280 3726; x_wconf 82' lang='lat' dir='ltr'>et</span> <span class='ocrx_word' id='word_1_262' title='bbox 3331 3664 3457 3727; x_wconf 76' lang='lat'>257</span> 
     </span>
     <span class='ocr_line' id='line_1_30' title="bbox 903 3769 3470 3855; baseline 0 -22"><span class='ocrx_word' id='word_1_263' title='bbox 903 3782 1135 3855; x_wconf 74' lang='lat' dir='ltr'>„unter</span> <span class='ocrx_word' id='word_1_264' title='bbox 1210 3770 1474 3836; x_wconf 87' lang='lat' dir='ltr'>Steinen</span> <span class='ocrx_word' id='word_1_265' title='bbox 1552 3793 1635 3834; x_wconf 91' lang='lat' dir='ltr'>an</span> <span class='ocrx_word' id='word_1_266' title='bbox 1706 3773 1914 3834; x_wconf 88' lang='lat' dir='ltr'>einem</span> <span class='ocrx_word' id='word_1_267' title='bbox 1998 3770 2402 3837; x_wconf 84' lang='lat' dir='ltr'>Giessbache</span> <span class='ocrx_word' id='word_1_268' title='bbox 2480 3771 2804 3835; x_wconf 82' lang='lat' dir='ltr'>zwischen</span> <span class='ocrx_word' id='word_1_269' title='bbox 2872 3769 3336 3834; x_wconf 88' lang='lat' dir='ltr'>Lannersbach</span> <span class='ocrx_word' id='word_1_270' title='bbox 3401 3782 3470 3833; x_wconf 87' lang='lat' dir='ltr'>et</span> 
     </span>
     <span class='ocr_line' id='line_1_31' title="bbox 902 3876 3466 3965; baseline -0.001 -24"><span class='ocrx_word' id='word_1_271' title='bbox 902 3877 1309 3942; x_wconf 85' lang='lat' dir='ltr'>Hinterdux“</span> <span class='ocrx_word' id='word_1_272' title='bbox 1391 3879 1689 3942; x_wconf 68' lang='lat' dir='ltr'>Clubiona</span> <span class='ocrx_word' id='word_1_273' title='bbox 1757 3882 1996 3942; x_wconf 84' lang='lat' dir='ltr'>reclusa</span> <span class='ocrx_word' id='word_1_274' title='bbox 2063 3877 2232 3942; x_wconf 91' lang='lat' dir='ltr'>lecta</span> <span class='ocrx_word' id='word_1_275' title='bbox 2287 3878 2546 3962; x_wconf 77' lang='lat' dir='ltr'>dicitur,</span> <span class='ocrx_word' id='word_1_276' title='bbox 2622 3882 2710 3943; x_wconf 71' lang='grc' dir='ltr'>(ΙΙ.</span> <span class='ocrx_word' id='word_1_277' title='bbox 2768 3882 2976 3965; x_wconf 70' lang='lat' dir='ltr'>yrisea</span> <span class='ocrx_word' id='word_1_278' title='bbox 3041 3899 3196 3941; x_wconf 88' lang='lat' dir='ltr'>vero</span> <span class='ocrx_word' id='word_1_279' title='bbox 3267 3876 3466 3940; x_wconf 86' lang='lat' dir='ltr'>modo</span> 
     </span>
     <span class='ocr_line' id='line_1_32' title="bbox 897 3984 3457 4071; baseline -0 -24"><span class='ocrx_word' id='word_1_280' title='bbox 897 3986 965 4047; x_wconf 88' lang='lat' dir='ltr'>in</span> <span class='ocrx_word' id='word_1_281' title='bbox 1051 3984 1299 4048; x_wconf 69' lang='lat' dir='ltr'>Tirolia</span> <span class='ocrx_word' id='word_1_282' title='bbox 1382 3984 1791 4049; x_wconf 88' lang='lat' dir='ltr'>meridionali</span> <span class='ocrx_word' id='word_1_283' title='bbox 1900 3986 1969 4048; x_wconf 88' lang='lat' dir='ltr'>in</span> <span class='ocrx_word' id='word_1_284' title='bbox 2074 3987 2339 4069; x_wconf 89' lang='lat' dir='ltr'>regione</span> <span class='ocrx_word' id='word_1_285' title='bbox 2425 3985 2823 4049; x_wconf 68' lang='lat' dir='ltr'>Tridentina.</span> <span class='ocrx_word' id='word_1_286' title='bbox 2931 3986 3457 4071; x_wconf 88' lang='lat' dir='ltr'>Descriptionem</span> 
     </span>
     <span class='ocr_line' id='line_1_33' title="bbox 897 4091 3459 4178; baseline 0 -23"><span class='ocrx_word' id='word_1_287' title='bbox 897 4102 1095 4156; x_wconf 87' lang='lat' dir='ltr'>totam</span> <span class='ocrx_word' id='word_1_288' title='bbox 1185 4091 1544 4155; x_wconf 89' lang='lat' dir='ltr'>secundum</span> <span class='ocrx_word' id='word_1_289' title='bbox 1632 4092 1934 4177; x_wconf 83' lang='lat' dir='ltr'>exempla</span> <span class='ocrx_word' id='word_1_290' title='bbox 2018 4094 2352 4157; x_wconf 72' lang='lat' dir='ltr'>(Ilubionae</span> <span class='ocrx_word' id='word_1_291' title='bbox 2438 4095 2707 4158; x_wconf 84' lang='lat' dir='ltr'>reclusae</span> <span class='ocrx_word' id='word_1_292' title='bbox 2782 4092 3218 4178; x_wconf 88' lang='lat' dir='ltr'>conscriptam</span> <span class='ocrx_word' id='word_1_293' title='bbox 3297 4114 3459 4175; x_wconf 76' lang='lat' dir='ltr'>esse,</span> 
     </span>
     <span class='ocr_line' id='line_1_34' title="bbox 897 4197 3463 4286; baseline 0 -26"><span class='ocrx_word' id='word_1_294' title='bbox 897 4198 1498 4262; x_wconf 87' lang='lat' dir='ltr'>manifestissimum</span> <span class='ocrx_word' id='word_1_295' title='bbox 1548 4210 1645 4264; x_wconf 89' lang='lat' dir='ltr'>est</span> <span class='ocrx_word' id='word_1_296' title='bbox 1690 4221 1773 4263; x_wconf 85' lang='lat' dir='ltr'>ex</span> <span class='ocrx_word' id='word_1_297' title='bbox 1826 4223 1919 4283; x_wconf 71' lang='lat' dir='ltr'>e0‚</span> <span class='ocrx_word' id='word_1_298' title='bbox 1981 4199 2153 4286; x_wconf 91' lang='lat' dir='ltr'>quod</span> <span class='ocrx_word' id='word_1_299' title='bbox 2201 4202 2453 4264; x_wconf 90' lang='lat' dir='ltr'>Auctor</span> <span class='ocrx_word' id='word_1_300' title='bbox 2513 4199 2595 4263; x_wconf 90' lang='lat' dir='ltr'>de</span> <span class='ocrx_word' id='word_1_301' title='bbox 2643 4199 2856 4264; x_wconf 89' lang='lat' dir='ltr'>colore</span> <span class='ocrx_word' id='word_1_302' title='bbox 2903 4197 3463 4286; x_wconf 90' lang='lat' dir='ltr'>cephalothoracis</span> 
     </span>
     <span class='ocr_line' id='line_1_35' title="bbox 900 4304 3454 4393; baseline 0 -25"><span class='ocrx_word' id='word_1_303' title='bbox 900 4304 1318 4369; x_wconf 85' lang='lat' dir='ltr'>feminarum:</span> <span class='ocrx_word' id='word_1_304' title='bbox 1397 4328 1525 4369; x_wconf 91' lang='lat' dir='ltr'>non</span> <span class='ocrx_word' id='word_1_305' title='bbox 1588 4306 1959 4370; x_wconf 88' lang='lat' dir='ltr'>adultarum</span> <span class='ocrx_word' id='word_1_306' title='bbox 2033 4320 2094 4371; x_wconf 94' lang='lat' dir='ltr'>et</span> <span class='ocrx_word' id='word_1_307' title='bbox 2155 4306 2524 4370; x_wconf 89' lang='lat' dir='ltr'>adultarum</span> <span class='ocrx_word' id='word_1_308' title='bbox 2604 4319 2666 4371; x_wconf 92' lang='lat' dir='ltr'>et</span> <span class='ocrx_word' id='word_1_309' title='bbox 2728 4318 2938 4370; x_wconf 84' lang='lat' dir='ltr'>aetate</span> <span class='ocrx_word' id='word_1_310' title='bbox 3001 4316 3454 4393; x_wconf 84' lang='lat' dir='ltr'>provectarum</span> 
     </span>
     <span class='ocr_line' id='line_1_36' title="bbox 898 4412 3455 4500; baseline 0 -25"><span class='ocrx_word' id='word_1_311' title='bbox 898 4424 962 4477; x_wconf 88' lang='lat' dir='ltr'>et</span> <span class='ocrx_word' id='word_1_312' title='bbox 1008 4413 1087 4476; x_wconf 90' lang='lat' dir='ltr'>de</span> <span class='ocrx_word' id='word_1_313' title='bbox 1137 4412 1344 4499; x_wconf 86' lang='lat' dir='ltr'>palpis</span> <span class='ocrx_word' id='word_1_314' title='bbox 1408 4415 1607 4476; x_wconf 87' lang='lat' dir='ltr'>maris</span> <span class='ocrx_word' id='word_1_315' title='bbox 1669 4414 1862 4477; x_wconf 78' lang='lat' dir='ltr'>dixit:</span> <span class='ocrx_word' id='word_1_316' title='bbox 1913 4437 2133 4477; x_wconf 81' lang='lat' dir='ltr'>ramus</span> <span class='ocrx_word' id='word_1_317' title='bbox 2183 4415 2478 4500; x_wconf 90' lang='lat' dir='ltr'>superior</span> <span class='ocrx_word' id='word_1_318' title='bbox 2525 4435 2867 4498; x_wconf 90' lang='lat' dir='ltr'>processus</span> <span class='ocrx_word' id='word_1_319' title='bbox 2914 4412 3160 4477; x_wconf 84' lang='lat' dir='ltr'>tibialis</span> <span class='ocrx_word' id='word_1_320' title='bbox 3207 4412 3297 4476; x_wconf 88' lang='lat' dir='ltr'>ita</span> <span class='ocrx_word' id='word_1_321' title='bbox 3344 4435 3455 4475; x_wconf 82' lang='lat' dir='ltr'>ex-</span> 
     </span>
     <span class='ocr_line' id='line_1_37' title="bbox 902 4519 3454 4608; baseline 0.001 -27"><span class='ocrx_word' id='word_1_322' title='bbox 902 4521 1092 4582; x_wconf 84' lang='lat' dir='ltr'>cisus.</span> <span class='ocrx_word' id='word_1_323' title='bbox 1161 4530 1227 4582; x_wconf 82' lang='lat' dir='ltr'>ut</span> <span class='ocrx_word' id='word_1_324' title='bbox 1295 4520 1362 4582; x_wconf 88' lang='lat' dir='ltr'>in</span> <span class='ocrx_word' id='word_1_325' title='bbox 1435 4519 1800 4585; x_wconf 88' lang='lat' dir='ltr'>denticulos</span> <span class='ocrx_word' id='word_1_326' title='bbox 1867 4520 2027 4584; x_wconf 88' lang='lat' dir='ltr'>duos</span> <span class='ocrx_word' id='word_1_327' title='bbox 2089 4521 2464 4608; x_wconf 84' lang='lat' dir='ltr'>inaequales</span> <span class='ocrx_word' id='word_1_328' title='bbox 2537 4521 2817 4605; x_wconf 73' lang='lat' dir='ltr'>desinat,</span> <span class='ocrx_word' id='word_1_329' title='bbox 2878 4522 2947 4583; x_wconf 89' lang='lat' dir='ltr'>in</span> <span class='ocrx_word' id='word_1_330' title='bbox 3017 4521 3316 4585; x_wconf 73' lang='lat' dir='ltr'>Clubiona</span> <span class='ocrx_word' id='word_1_331' title='bbox 3367 4544 3454 4583; x_wconf 82' lang='lat' dir='ltr'>re-</span> 
     </span>
    </p>
   </div>
   <div class='ocr_carea' id='block_1_5' title="bbox 900 4768 3460 4926">
    <p class='ocr_par' dir='ltr' id='par_1_7' title="bbox 900 4768 3460 4926">
     <span class='ocr_line' id='line_1_38' title="bbox 1046 4768 3460 4836; baseline 0 -18"><span class='ocrx_word' id='word_1_332' title='bbox 1046 4772 1082 4834; x_wconf 95' lang='lat'>¹)</span> <span class='ocrx_word' id='word_1_333' title='bbox 1121 4770 1480 4819; x_wconf 67' lang='lat' dir='ltr'>Conseruntur</span> <span class='ocrx_word' id='word_1_334' title='bbox 1518 4788 1597 4820; x_wconf 85' lang='lat' dir='ltr'>ex.</span> <span class='ocrx_word' id='word_1_335' title='bbox 1636 4787 1713 4836; x_wconf 89' lang='lat' dir='ltr'>gr.</span> <span class='ocrx_word' id='word_1_336' title='bbox 1755 4787 1834 4835; x_wconf 84' lang='lat' dir='ltr'>ea,</span> <span class='ocrx_word' id='word_1_337' title='bbox 1874 4788 2012 4836; x_wconf 82' lang='lat' dir='ltr'>quae</span> <span class='ocrx_word' id='word_1_338' title='bbox 2066 4775 2194 4823; x_wconf 84' lang='lat' dir='ltr'>Rev.</span> <span class='ocrx_word' id='word_1_339' title='bbox 2235 4774 2295 4824; x_wconf 87' lang='lat' dir='ltr'>O.</span> <span class='ocrx_word' id='word_1_340' title='bbox 2354 4775 2406 4822; x_wconf 89' lang='lat' dir='ltr'>P.</span> <span class='ocrx_word' id='word_1_341' title='bbox 2447 4772 2768 4836; x_wconf 80' lang='lat' dir='ltr'>Cambridge</span> <span class='ocrx_word' id='word_1_342' title='bbox 2825 4773 3039 4835; x_wconf 84' lang='lat' dir='ltr'>scripsit</span> <span class='ocrx_word' id='word_1_343' title='bbox 3086 4772 3150 4821; x_wconf 85' lang='lat' dir='ltr'>de</span> <span class='ocrx_word' id='word_1_344' title='bbox 3204 4768 3460 4821; x_wconf 58' lang='lat' dir='ltr'>Ner-ienis</span> 
     </span>
     <span class='ocr_line' id='line_1_39' title="bbox 900 4857 3452 4926; baseline 0.001 -19"><span class='ocrx_word' id='word_1_345' title='bbox 900 4857 1111 4921; x_wconf 74' lang='lat' dir='ltr'>ayresti</span> <span class='ocrx_word' id='word_1_346' title='bbox 1148 4868 1199 4907; x_wconf 86' lang='lat' dir='ltr'>et</span> <span class='ocrx_word' id='word_1_347' title='bbox 1238 4858 1397 4915; x_wconf 66' lang='lat' dir='ltr'>fusca</span> <span class='ocrx_word' id='word_1_348' title='bbox 1437 4876 1469 4908; x_wconf 86' lang='lat' dir='ltr'>a</span> <span class='ocrx_word' id='word_1_349' title='bbox 1510 4861 1858 4909; x_wconf 85' lang='lat' dir='ltr'>Blackwallio</span> <span class='ocrx_word' id='word_1_350' title='bbox 1896 4860 2266 4911; x_wconf 84' lang='lat' dir='ltr'>determinatis</span> <span class='ocrx_word' id='word_1_351' title='bbox 2305 4863 2359 4911; x_wconf 89' lang='lat' dir='ltr'>in</span> <span class='ocrx_word' id='word_1_352' title='bbox 2403 4862 2547 4924; x_wconf 76' lang='lat' dir='ltr'>„The</span> <span class='ocrx_word' id='word_1_353' title='bbox 2587 4861 2802 4926; x_wconf 77' lang='lat' dir='ltr'>Spiders</span> <span class='ocrx_word' id='word_1_354' title='bbox 2839 4862 2899 4910; x_wconf 83' lang='lat' dir='ltr'>of</span> <span class='ocrx_word' id='word_1_355' title='bbox 2923 4862 3145 4911; x_wconf 79' lang='lat' dir='ltr'>Dorset⁴⁶</span> <span class='ocrx_word' id='word_1_356' title='bbox 3185 4876 3310 4926; x_wconf 84' lang='lat' dir='ltr'>pag.</span> <span class='ocrx_word' id='word_1_357' title='bbox 3335 4857 3452 4910; x_wconf 73' lang='lat'><strong>486.</strong></span> 
     </span>
    </p>
   </div>
  </div>
 </body>
</html>
