3842 5942
926 569 1058 631 560

921 794 1294 847 transverse
1343 783 1606 847 striatus
1652 792 1768 867 est,
1815 782 1992 846 striis
2039 783 2106 845 in
2156 793 2336 867 parte
2381 781 2600 845 media
2644 781 2864 868 paullo
2910 780 3280 864 inconditis,
3333 804 3502 867 pone

928 888 1159 953 melius
1208 888 1489 953 evolutis
1551 901 1614 954 et
1661 890 1871 974 magis
1919 889 2089 953 inter
2152 911 2220 952 se
2274 889 2556 973 remotis,
2618 888 2942 953 anteriora
3003 910 3234 953 versus
3285 889 3504 969 magis

927 998 1262 1082 magisque
1295 995 1624 1079 confertis,
1671 995 2145 1077 humilioribus,
2194 995 2436 1060 sensim
2483 993 3054 1076 evanescentibus3
3099 1018 3266 1082 quae
3303 995 3506 1058 striae

926 1102 1348 1189 probabiliter
1412 1116 1659 1189 partem
1707 1103 1936 1189 organi
1984 1101 2302 1168 stridendi
2348 1104 2593 1191 proprii
2655 1125 2781 1167 non
2831 1103 3132 1189 formant,
3197 1103 3263 1165 in
3318 1115 3507 1189 parte

927 1211 1219 1296 opposita
1263 1208 1631 1275 abdominis
1664 1211 1837 1274 enim
1870 1209 2125 1274 nullum
2172 1211 2672 1274 instrumentum
2711 1210 2917 1293 vide0,
2956 1208 3126 1296 quod
3161 1208 3509 1274 stridendo

928 1318 1177 1381 servire
1226 1318 1441 1403 possit.
1490 1317 1567 1381 In
1599 1330 1783 1406 parte
1830 1318 2076 1404 postica
2109 1316 2360 1381 laterali
2409 1318 2683 1403 utraque
2730 1319 2928 1381 striae
2974 1318 3238 1382 circiter
3270 1316 3508 1381 decem

929 1435 1285 1488 cernuntur
1348 1425 1588 1511 optime
1651 1423 1968 1508 evolutae,
2034 1436 2399 1512 postremae
2461 1425 2631 1488 inter
2679 1447 2747 1488 se
2795 1425 3056 1488 circiter
3101 1424 3303 1489 0024
3355 1446 3510 1503 mm,

928 1532 1282 1595 anteriores
1346 1532 1607 1596 circiter
1669 1533 1862 1597 0016
1926 1554 2056 1595 mm
2120 1542 2431 1611 remotae,
2500 1532 2719 1617 apices
2781 1533 3122 1595 interiores
3188 1532 3508 1595 striarum

928 1637 1158 1702 harum
1213 1638 1591 1702 dextrarum
1647 1651 1709 1703 et
1756 1640 2168 1701 sinistrarum
2217 1640 2385 1702 inter
2447 1662 2514 1703 se
2563 1639 2824 1703 circiter
2884 1639 3034 1703 O·16
3081 1661 3232 1703 mm.
3282 1639 3512 1725 apices

929 1746 1284 1810 exteriores
1318 1745 1581 1810 circiter
1610 1747 1760 1811 032
1795 1769 1926 1810 mm
1960 1746 2230 1827 distantg
2280 1748 2603 1810 anteriora
2636 1768 2866 1811 versus
2913 1769 3064 1810 area
3097 1747 3276 1810 striis
3311 1767 3513 1809 occu-

929 1864 1078 1939 pata
1126 1854 1193 1916 in
1243 1864 1455 1939 partes
1504 1852 2058 1939 cephalothoracis
2106 1853 2281 1916 striis
2329 1853 2720 1917 transversis
2767 1852 3171 1937 inordinatiS,
3219 1852 3513 1938 denique

931 1959 1489 2045 evanescentibus,
1558 1970 1762 2025 tectas
1827 1961 2068 2024 sensim
2131 1961 2282 2025 abit.
2329 1960 2432 2024 Ad
2496 1961 2688 2025 strias
2751 1959 3129 2046 descriptas.
3191 1961 3260 2023 in
3324 1970 3516 2044 parte

931 2069 1268 2151 exteriore,
1317 2068 1515 2132 striae
1546 2067 1712 2131 aliae
1746 2069 1908 2131 sitae
1941 2080 2109 2151 sunt,
2154 2069 2307 2131 item
2341 2069 2580 2154 optime
2621 2068 2938 2147 evolutae,
2986 2069 3155 2132 inter
3187 2089 3256 2131 se
3295 2065 3512 2153 paral-

931 2173 1115 2256 lelae,
1162 2173 1365 2238 multo
1411 2174 1630 2260 (triplo
1668 2214 1734 2223 —-
1769 2177 2006 2255 sexies)
2054 2175 2406 2259 densiores,
2454 2174 2727 2260 angulos
2758 2176 3038 2259 posticos
3087 2172 3518 2261 cephalotho-

932 2282 1102 2345 racis
1152 2284 1283 2366 (qui
1319 2282 1491 2346 inter
1537 2304 1605 2346 se
1638 2283 1817 2347 circa
1847 2284 1997 2347 045
2030 2306 2161 2347 mm
2214 2281 2480 2363 distant)
2525 2283 2937 2367 attingenteS,
2985 2282 3097 2345 sed
3130 2305 3168 2345 a
3201 2280 3516 2365 margine

933 2387 1182 2452 laterali
1234 2389 1442 2474 spatio
1490 2412 1617 2454 non
1651 2389 1894 2473 sti-iate,
1944 2391 2269 2454 anteriora
2299 2412 2531 2454 versus
2565 2390 2804 2454 sensim
2853 2388 3102 2474 latiore,
3132 2388 3517 2452 distinctae.

935 2496 1158 2559 Paries
1221 2496 1476 2560 anticus
1541 2495 1908 2560 abdominis
1972 2498 2101 2581 (fig.
2149 2499 2261 2576 24)
2324 2508 2679 2561 excavatus
2742 2509 2838 2561 est
2899 2498 2969 2560 in
3016 2494 3274 2560 foveam
3331 2496 3514 2559 circa

932 2604 1083 2668 035
1133 2625 1262 2665 mm
1313 2602 1529 2687 latam,
1592 2604 1886 2690 margine
1949 2604 2115 2668 bene
2163 2626 2470 2691 expresso
2527 2603 3025 2684 circumdatam3
3086 2604 3152 2666 in
3205 2603 3516 2687 margine

934 2708 1057 2774 hoc
1091 2709 1319 2773 dentes
1369 2712 1604 2796 cornei,
1652 2723 2027 2776 transverse
2068 2713 2273 2797 positi,
2322 2712 2694 2798 compressi,
2744 2712 3067 2796 utrimque
3116 2722 3369 2795 septem
3409 2709 3514 2772 siti

936 2828 1113 2880 sunt:
1162 2839 1360 2903 supra
1407 2817 1535 2881 duo
1583 2830 1646 2882 et
1692 2819 1759 2882 in
1809 2817 2123 2883 lateribus
2171 2820 2483 2904 quinque3
2554 2841 2589 2882 e
2638 2817 2940 2882 dentibus
2986 2830 3264 2903 quatuor
3319 2838 3514 2901 supe·

938 2923 1219 2988 rioribus
1268 2922 1394 2988 duo
1445 2925 1718 2989 maiores
1767 2936 1936 3011 sunt,
1983 2927 2153 2989 iuter
2200 2947 2268 2989 se
2298 2926 2448 2991 023
2483 2948 2635 3009 mm,
2683 2947 2721 2989 a
2768 2925 3073 2990 dentibus
3119 2923 3515 2988 lateralibus

936 3032 1251 3116 proximis
1301 3034 1477 3097 circa
1508 3034 1702 3097 0065
1736 3055 1867 3096 mm
1916 3035 2164 3116 remoti,
2212 3032 2430 3118 paullo
2478 3035 2756 3096 maiores
2797 3054 2991 3118 quam
3040 3031 3370 3111 laterales,
3404 3041 3512 3118 qui

938 3139 1106 3203 inter
1152 3161 1220 3202 se
1268 3140 1533 3203 circiter
1576 3141 1727 3204 003
1761 3162 1894 3202 mm
1944 3139 2203 3204 distant.
2251 3141 2462 3227 Prope
2510 3163 2549 3204 a
2594 3140 2788 3204 dente
2835 3139 3167 3225 superiore
3214 3152 3514 3225 utroque.

938 3267 1033 3310 ca.
1066 3246 1215 3311 0-03
1248 3268 1379 3309 mm
1428 3258 1733 3328 remotuS,
1781 3246 2152 3311 denticulus
2187 3248 2400 3311 minor
2432 3247 2831 3332 conspicitur
2863 3245 3081 3331 paullo
3111 3245 3312 3309 altius
3350 3247 3514 3309 situs

939 3364 1000 3416 et
1047 3376 1085 3415 a
1134 3352 1305 3416 linesi
1362 3353 1664 3417 mediana
1728 3355 1937 3439 magis
1999 3366 2303 3418 remotus
2381 3354 2486 3419 Ad
2534 3354 2795 3419 dentem
2862 3374 3400 3439 unumquemque
3448 3353 3511 3415 in

935 3461 1076 3523 eius
1123 3473 1306 3546 parte
1354 3462 1676 3525 exteriore
1725 3460 1894 3547 pilus
1942 3462 2205 3526 innatus
2251 3475 2349 3526 est
2393 3463 2606 3527 tenuis
2653 3461 2936 3547 quidem,
2985 3459 3115 3541 sed,
3179 3461 3247 3522 ni
3295 3458 3516 3543 fallor,

938 3566 1216 3649 rigidus3
1265 3565 1380 3654 pili
1430 3566 1733 3631 dentibus
1793 3579 2072 3653 quatuor
2118 3569 2439 3656 supremis
2487 3569 2689 3633 vicini
2741 3568 2974 3633 breves
3021 3578 3173 3631 sunt
3217 3568 3515 3649 (circiter

936 3675 1327 3739 0·02-0·03
1376 3677 1551 3757 mm),
1614 3674 1847 3762 reliqui
1896 3674 2099 3740 multo
2162 3675 2489 3759 longiores
2551 3676 2671 3757 (ca.
2718 3676 3004 3740 0·08mm
3061 3675 3281 3759 longi).
3355 3674 3513 3738 Pars

939 3780 1305 3845 abdominis
1338 3782 1555 3845 antica
1585 3794 1906 3846 excavata
1939 3782 2347 3846 circumdata
2379 3781 2639 3847 videtur
2671 3784 2738 3845 in
2771 3782 3085 3846 lateribus
3118 3794 3182 3846 et
3214 3803 3420 3868 supra
3435 3782 3512 3865 (P)

941 3889 1108 3952 serie
1154 3887 1434 3973 pilorum
1498 3887 1840 3973 longorum
1904 3890 2025 3975 (ca.
2072 3891 2218 3954 027
2271 3896 2446 3975 mm),
2510 3901 2606 3954 sat
2662 3889 3121 3973 consertorum,
3183 3890 3512 3953 anteriora

942 4017 1172 4059 versus
1219 3995 1630 4059 directorum.
1680 3996 1806 4060 Pili
1837 3995 1903 4059 hi
1939 4008 2114 4060 certo
2162 4019 2291 4059 non
2325 4009 2572 4084 partem
2621 3997 2846 4083 organi
2897 3995 3213 4061 stridendi
3265 3996 3509 4084 proprii

942 4103 1243 4187 formant,
1292 4102 1406 4167 sed
1454 4103 1642 4166 modo
1689 4103 1758 4166 id
1806 4115 2155 4188 protegunt
2202 4103 2494 4169 fortasse.

1074 4209 1288 4273 Etiam
1338 4209 1582 4274 femina
1627 4211 1821 4274 huius
1869 4212 2109 4298 speciei
2157 4223 2428 4276 ornatur
2471 4234 2713 4295 organo
2761 4210 3098 4295 stridendi,
3145 4212 3368 4274 minus
3417 4222 3508 4274 ta-

942 4340 1088 4381 men
1154 4340 1347 4403 quam
1410 4319 1475 4380 in
1527 4340 1702 4381 mare
1764 4317 2041 4383 evolut0.
2120 4319 2348 4401 Striae,
2420 4341 2690 4383 numero
2737 4320 2823 4383 20
2870 4317 3100 4383 saltem
3165 4320 3509 4405 utrimque,

942 4423 1189 4488 areolas
1251 4437 1572 4512 occupant
1634 4425 1700 4488 in
1750 4437 1932 4511 parte
1995 4427 2242 4511 postica
2304 4424 2860 4512 cephalothoracis
2922 4447 3122 4512 prope
3183 4447 3222 4488 a
3275 4423 3508 4511 petiolo

945 4533 1266 4619 utrimque
1315 4534 1488 4616 sitaS,
1554 4531 1663 4596 ubi
1711 4544 1968 4597 scutum
2019 4532 2319 4597 dorsuale
2369 4533 2620 4597 fortiter
2674 4554 3040 4596 convexum
3089 4544 3153 4596 et
3197 4554 3282 4596 ex
3329 4544 3507 4619 parte

941 4640 1159 4724 (pone)
1191 4640 1272 4703 ad
1305 4639 1845 4727 perpendiculum
1878 4640 2200 4704 directum
2234 4652 2357 4723 est3
2405 4650 2617 4725 partes
2652 4639 2902 4704 mediae
2942 4638 3308 4704 areolarum
3341 4640 3506 4703 inter

942 4770 1011 4810 se
1061 4748 1319 4811 circiter
1364 4748 1469 4812 0=3
1516 4770 1646 4810 mm
1699 4746 1957 4811 distant.
2014 4747 2238 4811 Paries
2286 4749 2540 4812 anticus
2604 4746 2968 4813 abdominis
3017 4747 3148 4833 (fig.
3195 4747 3306 4823 25)
3353 4768 3502 4811 con-

943 4876 1169 4937 vexus,
1217 4853 1424 4917 forma
1472 4877 1598 4918 non
1649 4854 1955 4937 insignist,
2018 4877 2212 4941 supra
2261 4854 2572 4940 petiolum
2620 4853 2942 4918 abdomen
2990 4851 3271 4918 lamellis
3319 4874 3502 4916 orna-
