3842 5942
892 533 1024 598 546

889 746 1143 809 format.
1194 739 1384 804 Bulbi
1449 738 1755 825 genitalis
1802 739 1884 803 ab
1933 739 2066 804 imo
2112 740 2238 805 visi
2289 739 2419 825 (fig.
2473 743 2578 825 17)
2627 739 2814 807 Iobus
2869 741 3158 828 posticus
3206 740 3472 805 modice

887 848 1264 939 inaequalia,
1310 847 1514 912 latere
1559 847 1882 911 exteriore
1930 845 2164 911 leviter
2207 846 2399 911 modo
2444 858 2508 911 et
2555 869 2784 934 parum
2832 846 3327 934 inaequabiliter
3359 869 3470 911 ar-

889 970 1096 1043 cuato,
1141 956 1450 1021 interiore
1512 954 1759 1041 postico
1819 954 2167 1037 insigniter
2233 953 2607 1038 sigmoideO,
2668 954 2885 1018 antico
2946 954 3266 1018 exteriore
3315 976 3472 1042 pro-

889 1065 1092 1130 funde
1124 1074 1459 1146 excavatO,
1505 1059 1746 1146 angulo
1792 1062 2038 1146 postico
2087 1082 2322 1141 crasSO,
2368 1063 2617 1145 obtusO,
2648 1082 2853 1145 paene
2885 1060 3315 1148 aequabiliter
3346 1084 3468 1126 an-

886 1183 1161 1257 gustam,
1207 1168 1448 1255 angulo
1496 1169 1713 1232 antico
1760 1169 1956 1233 etiam
2001 1167 2138 1247 (sed
2175 1169 2418 1254 minus)
2452 1167 2598 1233 lat0.
2646 1168 2868 1233 Lobus
2902 1169 3157 1233 anticus
3189 1168 3474 1233 interior

887 1279 1272 1344 rotundatas
1299 1276 1451 1357 fere,
1482 1275 1799 1339 diametro
1832 1276 2094 1339 circiter
2127 1274 2209 1361 Ἃ
2244 1274 2610 1338 latitudinis
2637 1276 2843 1361 partis
2870 1274 3126 1339 tarsalis
3157 1298 3475 1362 aequans„

888 1386 1081 1451 valde
1128 1382 1517 1470 inaequalis3
1562 1403 1713 1467 pars
1759 1382 1899 1445 eius
1948 1380 2164 1446 media
2211 1381 2278 1444 in
2327 1381 2676 1446 umbonem
2717 1380 3070 1467 oblongum
3120 1381 3468 1469 obliquum

888 1493 1159 1577 elevata,
1207 1493 1393 1555 cuius
1442 1511 1667 1574 margo
1712 1489 1998 1575 posticus
2065 1488 2350 1554 exterior
2410 1486 2735 1553 embolum
2783 1490 3022 1553 emittit
3081 1489 3275 1554 valde
3324 1488 3468 1552 lon·

886 1623 1043 1685 gum
1114 1611 1176 1664 et
1237 1596 1569 1683 gracilem,
1630 1596 1942 1660 interiora
2008 1618 2241 1659 versus
2306 1594 2645 1679 directum,
2697 1596 3034 1660 'anteriora
3096 1618 3327 1660 versus
3395 1597 3471 1661 in

888 1710 1128 1793 spiram
1178 1716 1521 1771 curvatum
1572 1703 1869 1788 solutam,
1916 1701 2288 1767 anfractum
2341 1704 2462 1786 11J,
2529 1702 2666 1766 fere
2713 1701 3210 1786 describentem,
3273 1704 3474 1790 apice

889 1814 1008 1878 sub
1056 1826 1338 1878 rostrum
1385 1812 1626 1877 lamine
1675 1809 1933 1874 tarsalis
1995 1810 2341 1895 insigniter
2402 1809 2805 1895 productam.
2869 1808 3246 1875 Secundum
3312 1832 3470 1874 cur-

888 1933 1187 1986 vaturam
1235 1918 1474 1985 emboli
1520 1917 1709 1983 Iobus
1771 1918 2028 1981 anticus
2075 1917 2345 1981 interior
2391 1917 2456 1979 in
2506 1915 2762 1981 sulcum
2820 1916 3023 1981 latum
3055 1916 3472 2002 profundum

887 2039 1244 2093 excavatus
1291 2038 1404 2091 est.
1452 2025 1720 2112 Spinam
1768 2024 2059 2107 alteram,
2105 2026 2236 2110 qua
2282 2022 2522 2088 bulbus
2577 2025 2641 2088 S.
2690 2023 3043 2109 barbv'pffliis
3088 2036 3152 2088 et
3202 2025 3270 2089 S.
3325 2033 3472 2089 tau-

890 2138 1054 2200 ricae
1098 2144 1384 2219 ornatur,
1432 2153 1697 2197 cernere
1743 2153 1874 2195 non
1924 2153 2203 2217 possum.

1022 2241 1323 2327 Exempli
1375 2237 1909 2326 cephalothorace
1944 2239 2088 2302 227
2119 2260 2248 2300 mm
2286 2237 2496 2323 longe,
2532 2239 2675 2303 159
2708 2237 2853 2303 lato.
2889 2237 3103 2302 femur
3149 2240 3256 2305 III
3293 2243 3476 2323 1·46,

889 2348 1127 2435 patella
1174 2347 1342 2429 055,
1388 2347 1550 2411 tibia
1596 2347 1764 2429 087,
1814 2356 2198 2409 metatarsus
2250 2346 2413 2412 1·07.
2461 2355 2678 2409 tarsus
2710 2346 2879 2430 055,
2927 2360 3140 2431 partes
3189 2369 3470 2435 respon-

889 2456 1114 2520 dentes
1163 2455 1400 2542 pedum
1448 2454 1546 2519 IV
1601 2456 1762 2537 1·46‚
1806 2453 1977 2536 061,
2031 2453 2192 2536 103,
2245 2454 2407 2535 129,
2454 2454 2606 2517 055
2649 2474 2784 2515 mm
2815 2451 3069 2538 longae3
3119 2454 3318 2540 pedes
3354 2455 3470 2520 III

887 2565 1104 2649 itaque
1151 2585 1189 2626 a
1237 2562 1377 2627 basi
1424 2559 1691 2624 femoris
1740 2559 2073 2624 breviores
2119 2581 2315 2646 quam
2361 2559 2478 2645 IV,
2524 2582 2749 2623 eorum
2795 2560 2961 2624 tibia
3021 2582 3167 2625 cum
3218 2561 3472 2647 patella

887 2669 1202 2756 paullulo,
1273 2679 1661 2734 metatarsus
1723 2667 2069 2751 insigniter
2131 2667 2389 2731 brevior
2451 2689 2646 2752 quam
2707 2680 2924 2753 partes
2991 2668 3476 2753 respondentes

891 2776 1126 2862 pedum
1175 2777 1299 2841 ΙΙΙ.

1029 2885 1230 2949 Scitis
1291 2885 1550 2948 taurica.
1615 2904 1771 2945 mas.
1835 2880 2188 2967 Palporum
2251 2901 2402 2966 pars
2464 2879 2797 2966 patellaris
2859 2880 3130 2945 dimidio
3201 2881 3478 2967 longior

889 3013 1080 3078 quam
1128 2990 1335 3074 latior,
1382 2990 1626 3054 lamina
1672 2987 1931 3053 tarsalis
1979 3010 2181 3074 aeque
2228 2987 2422 3073 longa
2468 2998 2661 3074 atque
2721 3010 2872 3076 pars
2927 2988 3259 3074 patellaris
3306 3012 3466 3055 cum

886 3098 1113 3179 tibiali,
1163 3096 1427 3161 dimidio
1473 3096 1730 3182 longior
1774 3119 1970 3182 quam
2019 3095 2225 3179 latior,
2271 3095 2618 3180 insigniter
2665 3097 2876 3159 minor
2914 3119 3104 3183 quam
3154 3099 3219 3161 in
3269 3121 3464 3185 prae-

890 3204 1294 3270 cedentibus:
1344 3205 1493 3269 052
1527 3226 1589 3266 m
1641 3202 1851 3288 longa,
1911 3204 2062 3268 035
2123 3203 2274 3288 lata,
2333 3204 2402 3266 in
2466 3200 2594 3266 illis
2642 3204 2787 3271 0·61
2851 3204 3062 3289 longa,
3110 3206 3260 3269 040
3309 3204 3462 3269 lata.

890 3311 1082 3377 Bulbi
1129 3310 1434 3395 genitalis
1497 3334 1534 3375 a
1597 3310 1797 3375 latere
1862 3311 2182 3375 exteriore
2244 3312 2370 3375 visi
2435 3313 2645 3375 forma
2702 3310 2935 3375 similis
2999 3324 3191 3397 atque
3260 3313 3328 3375 in
3398 3316 3466 3377 S.

889 3420 1225 3504 barbipedi,
1273 3418 1383 3483 sed
1435 3440 1776 3504 processus
1826 3420 2111 3504 posticus
2159 3418 2367 3482 basim
2415 3420 2616 3506 partis
2649 3419 2892 3483 tibialis
2924 3440 3051 3482 non
3101 3420 3362 3504 attingit
3396 3436 3462 3482 et

890 3550 1057 3611 apex
1103 3528 1304 3611 partis
1351 3525 1592 3589 basalis
1641 3527 1706 3588 in
1757 3525 2016 3590 dentem
2065 3548 2193 3589 non
2232 3526 2587 3613 productus
2634 3538 2748 3590 est.
2795 3524 2898 3589 Ab
2932 3526 3062 3590 imo
3093 3526 3275 3591 visus
3313 3525 3460 3590 bul-

890 3634 1014 3697 bus
1046 3632 1347 3717 genitalis
1394 3633 1522 3717 (fig.
1560 3634 1666 3711 18)
1715 3644 1813 3696 sat
1859 3631 2094 3696 similis
2128 3632 2324 3697 bulbo
2363 3634 2425 3698 S.
2457 3634 2831 3718 barbipedis;
2882 3632 3101 3697 differt
3135 3632 3466 3719 imprimis

888 3739 1073 3804 Iobus
1121 3741 1374 3804 anticus
1422 3741 1689 3803 interior
1735 3753 1796 3804 et
1843 3741 1982 3804 eius
2033 3762 2385 3825 processus.
2432 3739 2654 3805 Lobus
2701 3740 2987 3825 posticus
3035 3740 3229 3804 etiam
3279 3741 3459 3803 inae-

889 3846 1122 3932 qualis,
1171 3846 1735 3929 subtriangularis,
1767 3846 1966 3911 latere
2000 3848 2245 3932 postico
2277 3848 2582 3912 interiore
2614 3847 2867 3911 fortiter
2899 3858 3169 3911 curvato
3217 3848 3458 3931 sigmo-

889 3953 1051 4035 ideo,
1100 3954 1299 4018 latere
1347 3954 1665 4018 exteriore
1714 3953 1947 4018 leviter
1993 3953 2182 4017 modo
2231 3966 2294 4018 et
2341 3954 2478 4017 fere
2526 3952 2948 4040 aequabiliter
2994 3965 3277 4037 arcuatO,
3341 3978 3458 4017 an·
3517 3978 3523 3985 ·

888 4061 1016 4124 tico
1064 4062 1384 4124 exteriore
1444 4060 1580 4124 fere
1643 4063 1710 4123 in
1771 4072 2215 4124 transversum
2282 4061 2504 4146 posito,
2568 4060 2801 4124 leviter
2865 4061 3057 4124 modo
3119 4073 3456 4126 excavata

889 4167 1110 4232 Lobus
1180 4169 1435 4231 anticus
1504 4168 1771 4231 interior
1832 4166 2161 4253 ellipticus
2223 4169 2349 4232 dici
2412 4167 3000 4254 potest,-apicibus
3047 4170 3456 4239 acuminatis,

890 4275 1102 4338 minor
1150 4297 1343 4360 quam
1391 4275 1456 4337 in
1504 4274 2062 4360 praecedentibus,
2123 4275 2441 4339 diametro
2505 4275 2746 4339 maiore
2804 4275 3065 4339 circiter
3113 4274 3454 4338 dimidiam

892 4380 1300 4444 latitudinem
1347 4382 1548 4466 partis
1595 4380 1853 4444 tarsalis
1901 4403 2205 4466 aequanS,
2253 4380 2515 4466 oblique
2558 4383 2820 4467 positus.
2868 4380 3255 4468 inaequalis3
3303 4404 3456 4469 pars

890 4487 1030 4549 eius
1077 4489 1377 4570 anterior,
1426 4488 1644 4569 maior,
1692 4488 1872 4551 sulco
1919 4487 2265 4551 rotundato
2313 4487 2594 4569 definita,
2628 4488 2947 4552 circulum
2983 4490 3234 4570 format,
3267 4491 3464 4553 cuius.

892 4592 1131 4657 limbus
1182 4594 1462 4679 posticus
1510 4596 1774 4658 interior
1823 4617 2096 4659 corneus
2146 4596 2214 4659 in
2263 4597 2513 4680 spinam
2563 4596 2699 4660 abit
2752 4595 3085 4679 gracilem,
3133 4594 3309 4659 foras
3358 4595 3452 4658 di-

890 4712 1158 4782 rectam,
1206 4701 1530 4764 anteriora
1594 4724 1823 4766 versus
1887 4714 2255 4786 curvatam,
2319 4702 2438 4767 sub
2503 4717 2784 4767 rostrum
2849 4702 3129 4768 laminae
3195 4702 3460 4767 tarsalis
