3842 5942
2808 592 2942 668 5:33

370 795 588 860 nicato
653 794 860 860 video.
952 796 1141 883 Palpi
1203 797 1386 862 nulla
1448 820 1518 864 re
1566 799 1901 883 differunt3
1964 823 2309 887 processus
2356 803 2597 868 tibialis
2646 806 2941 890 superior

371 902 568 967 etiam
615 903 683 967 in
738 904 834 969 Sc,
880 911 1262 970 antennnato
1310 906 1494 992 apice
1540 929 1670 970 non
1717 918 1982 972 arcuato
2031 907 2323 973 deflexus
2373 909 2585 975 sedin
2622 911 2939 997 angulum

370 1021 637 1076 acutum
686 1009 933 1075 fractus
981 1022 1095 1076 est.
1142 1011 1634 1100 Appendicibus
1682 1014 1890 1098 mod0,
1937 1015 2174 1101 quibus
2221 1038 2372 1082 area
2419 1017 2753 1083 oculorum
2805 1042 2938 1082 me-

371 1116 629 1181 diorum
674 1129 961 1202 ornatur,
1008 1118 1225 1184 diflert
1278 1121 1375 1185 Sc.
1425 1124 1591 1185 aries
1637 1121 1720 1185 ab
1793 1123 1889 1187 Sc.
1957 1131 2317 1202 antennam
2376 1127 2769 1212 appendices
2816 1126 2940 1190 hue

371 1223 697 1310 longiores
743 1240 897 1290 sunt
943 1227 1010 1289 in
1058 1234 1395 1292 antennato
1429 1229 1598 1309 (O·11
1636 1251 1788 1312 mm,
1833 1231 1902 1292 in
1943 1233 2040 1296 Sc.
2074 1233 2264 1296 ariete
2295 1233 2442 1297 0·08
2492 1256 2620 1296 mm
2667 1233 2940 1318 longae),

372 1353 501 1394 non
552 1330 1016 1417 complanatae,
1061 1334 1248 1421 apice
1295 1345 1542 1400 acutae.
1591 1337 2048 1402 Differentiam
2112 1337 2283 1403 hanc
2331 1350 2733 1404 constantem
2783 1364 2941 1425 esse,

372 1459 489 1524 pro
537 1451 711 1504 certo
759 1439 978 1505 dicere
1010 1463 1139 1505 non
1171 1441 1396 1528 audeo,
1442 1444 1749 1530 quoniam
1783 1469 2025 1510 marem
2069 1448 2165 1512 Sc.
2200 1450 2416 1513 arietis
2449 1448 2715 1511 unicum
2749 1448 2941 1512 modo

373 1545 532 1609 vidi.
580 1584 662 1594 —-
713 1547 1104 1634 Exemplum
1161 1550 1257 1615 Sc.
1304 1556 1631 1617 antennatc'
1677 1576 1715 1615 a
1761 1552 1894 1618 Cel.
1943 1554 2016 1617 E.
2064 1551 2355 1620 Simonio
2389 1555 2940 1619 communicatum

374 1652 592 1738 paullo
661 1655 877 1718 minus
945 1655 1508 1742 (cephalothorace
1578 1661 1678 1724 0·7
1754 1683 1886 1723 mm
1956 1660 2174 1746 longo)
2236 1672 2334 1726 est
2393 1684 2588 1747 quam
2646 1663 2709 1728 S.
2760 1667 2944 1741 ανίεε,

369 1782 562 1845 quem
608 1761 680 1824 in
726 1762 1055 1827 montibus
1101 1763 1382 1828 Tatricis
1430 1763 1577 1850 legi.
1626 1766 1705 1830 In
1754 1764 2034 1852 Alpibus
2080 1766 2361 1832 Tiroliae
2408 1767 2825 1854 (Glungezer,
2874 1770 2941 1831 in

368 1866 712 1932 altitudine
758 1870 1203 1937 2400—2688
1252 1878 1341 1952 m)
1390 1894 1633 1937 marem
1684 1884 1749 1938 et
1787 1872 2066 1938 feminas
2100 1896 2340 1961 paucas
2371 1874 2532 1958 legit
2573 1876 2640 1939 B.
2672 1876 2941 1956 Kotula3

374 1995 514 2037 mas
546 1995 697 2039 cum
736 1977 832 2041 Sc.
865 1985 1199 2042 antennato
1246 1980 1554 2044 convenit
1582 1980 1999 2064 processibus
2032 1981 2444 2056 frontalibus,
2491 1987 2738 2046 statura
2788 2007 2942 2047 vero

374 2103 523 2144 cum
582 2082 682 2147 Sc.
727 2085 919 2149 ariete
932 2108 955 2164 ;
1003 2085 1279 2150 feminas
1327 2108 1365 2149 a
1419 2087 1513 2151 Sc,
1560 2092 1752 2152 ariete
1797 2087 2200 2174 distinguere
2248 2088 2485 2152 nescio.

509 2294 1180 2385 Lephthyphantes
1211 2298 1571 2368 zebrinus
1606 2301 1841 2386 Menge
1874 2314 1938 2366 et
1973 2301 2053 2369 L.
2086 2301 2683 2370 Zimuiermannii
2723 2303 2943 2368 Bertk.
3065 2337 3071 2343 -

512 2403 996 2488 Bathyphantae
1042 2407 1122 2491 (P)
1172 2406 1454 2490 cuidam,
1518 2409 1705 2472 cuius
1754 2407 2053 2495 exempla
2099 2410 2353 2496 aliquot
2400 2411 2469 2475 in
2518 2411 2742 2474 Museo
2792 2413 2944 2475 Ber-

373 2509 613 2575 linensi
649 2514 1025 2577 conservari
1059 2513 1370 2580 dicuntur
1402 2538 1441 2580 a
1473 2514 1605 2580 Cel.
1641 2516 1713 2580 E.
1748 2516 2040 2582 Simonio
2073 2516 2335 2580 nomine
2374 2519 2698 2602 „zebrz'nus
2730 2518 2938 2602 Mg‹·.“

374 2620 649 2705 signata,
700 2620 803 2686 W.
851 2621 1229 2707 Bosenberg
1275 2646 1510 2687 nomen
1560 2622 1739 2687 dedit
1802 2624 2279 2708 Bathyphantes
2333 2627 2600 2689 Simoni&
2623 2629 2687 2706 ¹).
2742 2662 2824 2671 ——
2876 2626 2944 2688 si

374 2727 626 2812 species
675 2727 836 2794 haec
880 2750 1112 2793 revera
1159 2730 1389 2795 eadem
1435 2742 1533 2795 est
1577 2743 1769 2816 atque
1832 2731 2380 2816 Lephtlcyphantes
2442 2754 2481 2794 a
2526 2730 2658 2796 Cel.
2721 2732 2792 2795 E.
2842 2731 2942 2797 Si-

373 2835 594 2899 monio
642 2835 718 2901 L.
766 2837 1050 2901 zebrinus
1096 2838 1263 2922 Mge.
1310 2837 1674 2924 appellatus
1737 2850 1800 2903 et
1864 2836 2231 2924 descriptus
2288 2839 2352 2900 in
2411 2838 2576 2921 „Les
2623 2836 2944 2901 Arachni-

376 2940 493 3006 des
556 2942 637 3007 de
693 2944 747 3007 F
750 2944 1008 3028 rance“‚
1070 2955 1345 3030 quatuor
1407 2946 1534 3008 iam
1599 2968 1676 3009 ea
1737 2947 1991 3032 accepit
2052 2945 2343 3009 nomina:
2397 2945 2947 3029 Lepkthyphmetes

371 3051 663 3115 zebrz’nus
732 3051 804 3114 E.
875 3051 1050 3134 Sim..
1111 3053 1188 3116 L.
1257 3054 1754 3118 Zimmaemnarmi
1815 3051 2104 3116 Bertkau
2178 3053 2350 3118 1893
2396 3049 2494 3134 (Ρ),
2563 3052 2641 3116 L.
2715 3053 2945 3116 Black·
3009 3051 3013 3056 ⁴

374 3160 577 3222 wallii
640 3157 867 3222 Kulcz.
940 3159 1125 3244 1894,
1191 3160 1668 3243 Bathyphantes
1737 3161 2008 3224 Simonii
2071 3158 2303 3242 Biisbg.
2371 3160 2558 3223 1901.
2629 3160 2945 3244 Lepletky-

366 3265 681 3351 phantom
725 3267 1043 3331 zebrc'num
1091 3265 1225 3332 Cel.
1273 3266 1346 3330 E.
1380 3266 1653 3334 Simonii
1699 3289 1828 3330 non
1864 3289 2007 3330 esse
2055 3288 2284 3330 verum
2317 3267 2633 3330 zebrz'num
2666 3267 2945 3350 Mengei‚

375 3372 629 3457 primus
676 3373 792 3438 Dr.
840 3372 956 3437 Ph.
1005 3372 1294 3438 Bertkau
1357 3373 1753 3438 indicavisse
1815 3372 2079 3438 videtur
2124 3374 2191 3436 in
2248 3371 2576 3458 opusculQ
2626 3371 2797 3457 quod
2849 3374 2943 3436 in-

375 3479 690 3543 scribitur
744 3478 1203 3565 „Arachniden
1265 3480 1749 3564 gesammelt...
1814 3482 1880 3544 in
1948 3480 2083 3547 San
2145 3480 2346 3545 Remo
2411 3502 2541 3544 von
2606 3481 2781 3544 Prof.
2828 3482 2946 3545 Dr.

377 3585 600 3653 Oskar
660 3586 1082 3672 Schneider“,
1146 3609 1289 3673 pag.
1355 3589 1454 3652 10.
1519 3587 1925 3673 Opusculum
1991 3588 2131 3673 hoc,
2193 3590 2260 3651 in
2308 3609 2434 3673 quo
2489 3588 2608 3651 Dr.
2659 3586 2944 3650 Bertkau

374 3694 941 3779 Lephthyphantae
983 3697 1230 3760 zebn'no
1278 3696 1350 3759 E.
1386 3695 1543 3762 Sim.
1576 3719 1809 3761 nomen
1860 3696 2041 3761 dedit
2085 3698 2162 3761 L.
2200 3697 2711 3776 Zimnwtmanm',
2760 3696 2946 3779 igno-

375 3815 517 3865 tum
591 3800 751 3865 mihi
823 3813 996 3884 erat,
1074 3825 1273 3887 quum
1353 3803 1420 3866 in
1506 3807 1841 3890 „Araneae
1920 3804 2341 3888 Hungariae“
2427 3802 2553 3867 vol.
2624 3802 2724 3885 II⁷
2801 3825 2948 3888 pag.

380 3910 482 3992 70,
554 3908 1000 3974 demonstrare
1072 3909 1375 3994 conabar,
1442 3910 1967 3995 Leplzyphantam
2028 3912 2346 3974 zebtinum
2419 3909 2492 3974 O.
2558 3909 2815 3975 Cambr.
2886 3920 2947 3974 et

380 4016 450 4081 F.
516 4016 778 4082 Cambr.
840 4021 1058 4103 (quem
1120 4019 1195 4082 L.
1259 4016 1671 4082 Blackwallii
1737 4017 2091 4105 appellavi)
2163 4018 2446 4100 speciem
2511 4040 2652 4081 esse
2715 4040 2753 4080 a
2813 4018 2947 4082 Ba-

378 4123 732 4208 thyphanta
773 4126 1021 4189 zebrz'no
1069 4126 1304 4210 Menge
1353 4125 1743 4190 distinctam.
1779 4163 1862 4173 --
1898 4125 2038 4188 Mas
2085 4124 2642 4209 Lepkthyplzantae
2686 4125 2944 4206 zebvitci,

378 4253 573 4317 quem
620 4230 783 4294 mihi
831 4231 960 4297 Cel.
1008 4233 1082 4295 Ε.
1132 4231 1353 4298 Simon
1404 4233 1683 4318 benigne
1732 4232 2258 4310 communicavit,
2305 4231 2609 4295 omnibus
2658 4232 2946 4295 numeris

380 4338 693 4402 convenit
737 4360 889 4403 cum
936 4339 1013 4402 L.
1066 4341 1461 4404 Blackwalliz·
1523 4362 1604 4402 m.
1669 4340 1745 4402 L.
1809 4341 2131 4403 zebrz'num
2195 4338 2267 4401 Ε.
2315 4335 2470 4404 Sim.
2526 4340 2741 4424 itaque
2788 4361 2948 4403 eun-

380 4445 525 4509 dem
579 4468 723 4512 esse
771 4466 1003 4509 censeo
1065 4458 1258 4531 atque
1322 4447 1395 4510 L.
1460 4447 1750 4510 sebi-inus
1811 4444 1886 4509 O.
1949 4445 2208 4512 Cambr.
2257 4455 2320 4509 et
2365 4444 2436 4507 F.
2485 4443 2760 4529 (lamba,
2808 4446 2947 4509 sive

382 4554 455 4616 L.
506 4553 905 4618 Blackwallii
951 4576 1053 4638 m„
1099 4576 1490 4640 quamquam
1538 4553 1750 4636 figura
1794 4551 1969 4639 palpi
2019 4553 2216 4616 maris
2263 4575 2301 4613 a
2348 4552 2480 4618 Cel.
2527 4552 2602 4616 E.
2660 4552 2949 4619 Simonio

381 4661 450 4723 in
504 4661 673 4744 „Les
720 4659 1132 4726 Arachnides
1180 4660 1261 4725 de
1308 4661 1599 4725 France“
1652 4660 1901 4745 prolata
1950 4683 2076 4723 non
2125 4658 2290 4723 bene
2338 4659 2612 4745 quadrat
2667 4660 2731 4722 in
2779 4658 2948 4722 hanc

529 4900 569 4950 ²5
612 4896 711 4945 Die
750 4896 986 4959 Spinnen
1028 4894 1441 4956 Deutschlands‚
1480 4909 1601 4959 pag.
1641 4892 1725 4946 87.
