3842 5942
2837 568 2974 633 539

409 778 642 843 leviter
689 778 890 844 modo
937 791 1339 864 angustatus,
1403 780 1655 866 apicem
1704 801 1936 844 versus
1983 802 2139 845 vero
2186 780 2403 845 subito
2465 792 2529 845 et
2569 782 2825 846 sinuato
2872 805 2986 846 an—

406 895 724 970 gustatus,
786 887 971 973 apice
1018 885 1401 951 rotundatus
1465 886 1625 971 (cfr.
1671 887 1952 973 figuram
2004 890 2080 951 le
2143 888 2209 951 in
2264 891 2602 971 „Araneae
2655 910 2865 954 novae
2911 889 2978 953 in

408 992 735 1057 montibus
777 993 1081 1078 Tatricis,
1134 992 1342 1058 Babia
1389 992 1585 1076 Gora,
1654 994 1957 1079 Carpatis
2005 994 2275 1061 Silesiae
2341 994 2714 1080 collectae“‚
2765 997 2979 1082 1882),

407 1121 606 1186 prope
650 1100 903 1185 apicem
938 1099 1172 1164 leviter
1203 1100 1394 1164 modo
1430 1112 1543 1165 aut
1588 1102 1705 1165 vix
1738 1102 2123 1188 impressus3
2169 1100 2300 1166 lobi
2335 1100 2639 1167 laterales
2671 1124 2978 1187 magnam

407 1217 652 1292 partem
702 1206 979 1271 laterum
1028 1208 1350 1297 epigynae
1405 1230 1445 1272 a
1491 1207 1704 1272 fronte
1752 1207 2077 1295 simulque
2124 1232 2163 1272 a
2209 1220 2393 1294 parte
2439 1209 2750 1274 inferiore
2797 1211 2980 1275 visae

406 1312 709 1396 formant,
780 1314 1104 1398 longiores
1150 1336 1341 1401 quam
1416 1315 1484 1378 in
1534 1315 1747 1401 priore
1811 1323 1931 1396 (ca.
1979 1316 2174 1380 0·095
2225 1338 2354 1379 mm
2404 1314 2630 1402 longi),
2691 1318 2863 1381 inter
2909 1333 3024 1381 se·

408 1419 548 1485 fere
592 1419 890 1508 paralleli
960 1432 1073 1485 aut
1119 1423 1471 1507 posteriora
1522 1444 1755 1487 versus
1818 1420 2050 1486 leviter
2109 1423 2717 1510 appropinquanteS‚
2779 1425 2978 1488 octies

408 1527 544 1592 fere
589 1528 998 1612 angustiores
1045 1551 1239 1615 quam
1288 1550 1541 1616 scapus.
1583 1567 1669 1576 -
1719 1529 2277 1614 Lephthyphantae
2323 1531 2592 1595 Kotulai
2636 1529 2770 1595 lobi
2819 1530 2977 1595 late-

407 1634 579 1698 rales
625 1636 899 1699 maiores
946 1658 1139 1722 quam
1188 1636 1255 1700 in
1306 1636 1735 1722 praecedenti⁷
1787 1658 1880 1701 ca.
1913 1637 2065 1701 0·14
2113 1660 2244 1700 mm
2293 1636 2490 1721 longi,
2539 1659 2772 1724 scapus
2819 1660 2977 1701 vero

408 1740 612 1806 multo
644 1743 1004 1827 angustior:
1052 1743 1120 1806 in
1151 1752 1336 1831 parte
1382 1742 1701 1807 latissima
1747 1742 1913 1807 lobis
1954 1742 2333 1808 lateralibus
2381 1745 2496 1808 vix
2530 1743 2724 1831 triplo
2771 1743 2978 1829 latior,

407 1871 575 1935 pone
619 1849 737 1912 hos
783 1848 963 1914 lobos
1012 1848 1382 1938 productus,
1430 1862 1502 1914 ut
1539 1851 1607 1914 in
1657 1851 1873 1938 priore
1921 1850 2035 1915 sed
2085 1874 2212 1914 non
2261 1851 2326 1914 in
2376 1852 2451 1915 L.
2485 1853 2762 1937 sriqidO,
2810 1852 2981 1915 inter

408 1969 625 2041 partes
672 1957 1061 2021 anteriorem
1109 1969 1173 2022 et
1217 1959 1640 2044 posteriorem
1688 1956 1925 2023 leviter
1973 1957 2352 2022 rotundatas
2401 1958 2811 2023 constrictus.

543 2065 788 2127 Marem
822 2063 1382 2150 Lephthyphantae
1414 2065 1679 2130 Kotulai
1725 2087 1853 2128 non
1888 2066 2062 2130 novi.
2110 2064 2297 2150 Palpi
2346 2066 2425 2129 L.
2451 2067 2698 2151 friqidi
2745 2065 2876 2151 (fig.
2912 2067 2978 2147 6)

408 2181 472 2234 et
516 2171 595 2235 L.
644 2173 937 2236 annulati
995 2171 1168 2235 inter
1230 2195 1298 2236 se
1364 2170 1557 2236 valde
1623 2171 1871 2237 similes
1918 2185 2096 2238 sunt:
2162 2171 2572 2260 paracymbii
2626 2212 2702 2219 --
2755 2173 2978 2257 magni

408 2276 619 2361 valde,
667 2276 922 2342 fortiter
956 2280 1229 2362 curvati,
1278 2278 1622 2363 insigniter
1654 2279 2032 2365 inaequalis,
2064 2301 2262 2364 supra
2292 2290 2442 2344 ante
2481 2280 2737 2366 apicem
2784 2278 2979 2344 dente

409 2383 580 2469 forti,
614 2385 822 2470 nigre,
853 2407 1114 2448 sursum
1146 2398 1209 2449 et
1241 2384 1460 2470 paullo
1496 2396 1665 2449 retro
1696 2385 1965 2470 directO,
1998 2408 2386 2472 compresse,
2427 2397 2491 2451 et
2523 2409 2686 2472 pone
2719 2385 2976 2451 dentem

408 2491 583 2555 hunc
633 2491 824 2556 dente
873 2491 1001 2556 alio
1035 2491 1238 2556 multo
1284 2494 1552 2577 minore,
1601 2491 1842 2579 pallide
1890 2495 2121 2577 ornati,
2157 2533 2241 2540 -—
2273 2492 2554 2558 laminae
2602 2493 2859 2558 tarsalis
2894 2531 2978 2540 —

408 2599 553 2664 basi
598 2599 777 2663 intus
839 2598 1179 2663 tuberculo
1242 2601 1598 2664 instructae
1649 2640 1730 2647 —
1782 2600 1993 2665 forma
2056 2600 2195 2664 fere
2242 2600 2497 2681 eadem,
2565 2599 2977 2665 tuberculum

409 2705 748 2769 commodo
811 2717 1382 2771 commemoratum
1451 2709 1658 2793 magis
1708 2706 2173 2797 cylindratum.
2237 2709 2420 2796 apice
2466 2707 2771 2773 obtusum
2821 2706 2978 2770 mihi

410 2812 673 2877 videtur
717 2815 787 2876 in
822 2814 896 2878 L.
933 2816 1252 2898 arinulam,
1300 2814 1510 2899 magis
1543 2816 1862 2898 conicum,
1895 2815 2083 2901 apice
2115 2814 2596 2879 acutiusculum
2644 2816 2710 2878 in
2745 2816 2822 2879 L.
2842 2816 2979 2896 fri-

403 2922 569 3008 qido.
619 2920 954 2985 Differunt
984 2921 1329 3008 imprimis:
1378 2920 1637 2985 lamella
1681 2921 2206 2986 characteristica
2238 2960 2324 2969 -
2357 2923 2541 3007 apice
2573 2923 2641 2985 in
2674 2921 2978 3006 cuspides

410 3026 574 3091 duas
624 3027 1071 3114 subaequaleS,
1128 3029 1273 3092 sinu
1324 3027 1648 3115 profundo
1696 3031 1866 3092 inter
1912 3051 1981 3092 se
2029 3028 2372 3092 distinctas
2417 3028 2733 3115 producta
2782 3029 2848 3090 in
2896 3029 2974 3093 L.

403 3136 673 3221 friyidO,
722 3157 920 3220 quum
972 3135 1037 3198 in
1086 3135 1165 3199 L.
1199 3138 1500 3201 annulato
1548 3135 1830 3221 angulus
1876 3135 2148 3221 apicalis
2179 3136 2466 3200 'inferior
2507 3134 2978 3222 parum-modo

409 3240 763 3328 productus
811 3243 912 3326 sit,
964 3279 1045 3290 --
1094 3256 1157 3306 et
1203 3265 1546 3329 processus
1594 3241 1704 3305 ille
1752 3242 2119 3329 peculiaris,
2184 3265 2475 3327 corneae,
2549 3241 2705 3306 ferri
2754 3241 2976 3328 equini

408 3350 618 3413 instar
663 3359 990 3434 curvatus,
1047 3372 1172 3435 quo
1221 3348 1457 3413 bulbus
1504 3349 1808 3434 genitalis
1855 3372 2056 3436 prope
2103 3350 2356 3435 apicem
2405 3348 2701 3412 lamellae
2751 3348 2977 3412 chara-

409 3456 794 3522 cteristicae.
842 3456 1137 3524 inferius.
1184 3469 1475 3538 ornatur3
1535 3479 1729 3520 crura
1776 3479 2118 3542 processus
2172 3455 2367 3520 huius
2415 3478 2617 3541 paene
2667 3454 2979 3542 parallela

409 3575 563 3627 sunt
626 3565 693 3625 in
743 3564 820 3626 L.
870 3565 1190 3647 annulato,
1252 3586 1473 3627 eorum
1524 3566 1808 3627 anterius
1858 3562 2190 3628 denticulo
2239 3585 2439 3649 parvo
2486 3575 2756 3626 ornatur
2800 3563 2976 3626 intus

409 3670 541 3755 (fig.
589 3672 690 3750 4);
740 3691 934 3734 crura
979 3670 1053 3735 L.
1093 3672 1341 3756 friyidi
1386 3692 1542 3734 vero
1590 3672 1773 3756 apice
1820 3673 2164 3735 incurvata
2226 3682 2376 3734 sunt
2430 3675 2610 3754 (crus
2658 3670 2977 3755 posterius

410 3778 645 3841 fortius
694 3781 1080 3859 curvatum),
1136 3798 1289 3841 crus
1336 3779 1626 3841 anterius
1674 3779 1848 3841 intus
1896 3800 2024 3841 non
2073 3777 2404 3841 dentatum
2456 3777 2584 3861 (fig.
2633 3778 2718 3859 5).

544 3884 739 3948 'reste
785 3882 917 3949 Cel.
964 3883 1039 3947 E.
1086 3884 1375 3948 Simonio
1422 3884 1969 3969 Lephthyphantes
2010 3887 2296 3970 friqz‘dus
2361 3882 2606 3947 aculeis
2653 3882 2825 3946 binis
2873 3902 2977 3944 or-

410 4003 604 4056 natur
650 3992 719 4054 in
768 3990 1125 4055 femoribus
1173 3992 1207 4055 I
1254 4002 1319 4055 et
1368 4013 1493 4054 uno
1541 3993 1607 4055 in
1658 3992 1727 4056 II
1760 3997 1823 4072 ¹).
1915 3993 2194 4056 Femora
2241 4013 2357 4055 sex
2403 3991 2758 4077 posteriora
2806 3991 2975 4053 iner-

410 4099 543 4161 mia
590 4109 740 4161 sunt
802 4099 869 4160 in
917 4099 995 4162 L.
1044 4101 1347 4163 annulatio
1394 4110 1458 4162 et
1502 4099 1579 4162 L.
1630 4099 1914 4178 Kotulai‚
1984 4100 2198 4162 antica
2261 4097 2487 4162 aculeo
2548 4119 2677 4160 uno
2724 4107 2977 4161 tantum

411 4214 766 4269 armantur.
858 4204 1043 4285 Quae
1104 4216 1257 4269 nota
1318 4217 1535 4270 tamen
1598 4227 1824 4291 parum
1877 4204 2140 4291 prodest
2197 4207 2265 4268 in
2316 4203 2811 4290 distinguendas
2858 4203 2976 4266 has

412 4313 683 4397 species,
730 4323 908 4377 certo
954 4312 1129 4376 enim
1176 4312 1510 4377 mutabilis
1558 4293 1711 4376 estz'
1752 4313 1819 4374 in
1868 4311 2186 4377 ambobus
2233 4310 2548 4397 exemplis
2599 4311 2671 4375 L.
2707 4311 2973 4396 frigidi,

412 4441 590 4484 mare
637 4430 702 4482 et
750 4418 1010 4496 femina.
1071 4442 1237 4505 quae
1281 4420 1672 4503 examinavi,
1740 4418 2043 4483 aculeum
2091 4440 2294 4481 unum
2341 4417 2531 4481 modo
2577 4416 2716 4481 vidi
2763 4417 2831 4480 in
2881 4416 2975 4480 fe-

410 4524 705 4590 moribus
752 4525 804 4610 1,
866 4524 1118 4590 nullum
1182 4528 1248 4589 in
1313 4527 1375 4590 II
1436 4525 1690 4611 (aculei,
1751 4527 1861 4611 qui
1924 4524 2178 4610 absunt,
2240 4536 2415 4590 certo
2476 4546 2635 4587 non
2697 4523 2976 4588 defracti

412 4633 606 4718 sunt).
699 4633 917 4697 Etiam
967 4643 1463 4697 metatarsorum
1511 4632 1610 4697 IV
1657 4643 1988 4696 armatura
2051 4655 2178 4695 non
2228 4643 2529 4696 constans
2579 4641 2693 4714 est,
2755 4632 2977 4695 subter

559 4869 598 4928 ²)
636 4867 739 4915 Leo
779 4866 1108 4916 Arachnides
1145 4865 1209 4915 de
1250 4867 1474 4926 Franco,
1516 4865 1617 4914 vol.
1658 4865 1722 4918 V,
1762 4881 1883 4929 pag.
1927 4863 2047 4916 296.
