3842 5942
2849 518 2983 581 549

407 749 607 813 quum
657 749 815 791 vero
862 749 1096 793 nomen
1155 729 1477 813 Gallilepc's
1526 728 1764 794 Westr.
1813 729 2042 812 (1874)
2090 730 2273 815 prius
2323 730 2408 793 sit
2453 751 2650 815 quam
2696 730 2984 797 Laronia

410 834 484 898 E.
534 832 689 899 Sim.
736 836 980 918 (1892),
1027 857 1236 921 genus
1283 834 1407 900 hoc
1461 837 1783 920 Callc'lepis
1846 835 2320 899 nominandum
2383 835 2661 904 videtur.
2711 877 2791 883 ——
2843 839 2985 904 Pte-

408 942 718 1007 rotriclzae
764 964 973 1026 genus
1021 941 1476 1007 sustinendum
1538 964 1769 1006 censeo
1834 955 1896 1007 et
1966 944 2352 1028 Gnaphosez's
2398 942 2985 1017 adnumerandum,

545 1171 905 1257 Episinus
952 1176 1349 1241 truncatus
1397 1174 1571 1239 Latr.
1622 1185 1685 1239 et
1740 1172 1829 1242 E.
1878 1173 2231 1259 lugubris
2280 1175 2354 1239 E.
2401 1177 2556 1243 Sim.

546 1282 840 1366 Epi-sini:
888 1289 1213 1350 truncatus
1259 1281 1334 1346 E.
1383 1280 1539 1346 Sim.
1588 1294 1651 1346 et
1698 1283 1982 1367 luyubtis
2028 1282 2101 1346 E.
2151 1282 2305 1348 Sim.
2353 1305 2481 1347 11011
2532 1296 2706 1349 certo
2755 1282 2985 1348 distin—

410 1399 700 1472 guuntur
746 1388 915 1454 inter
981 1412 1050 1452 se
1114 1388 1327 1452 colore
1393 1388 1964 1473 cephalothoracis.
2028 1391 2288 1475 Episini
2349 1392 2632 1476 luyubrc's
2685 1390 2986 1476 exempla

412 1494 686 1559 obscure
735 1494 1018 1560 colorata
1064 1495 1204 1558 sola
1251 1495 1851 1581 cephalothoracem
1894 1496 2306 1562 rufofuscum
2356 1509 2470 1561 aut
2515 1500 2780 1581 nigrum
2830 1497 2986 1574 fere,

412 1600 965 1685 subconcolorem‚
1013 1601 1278 1685 habentz,
1325 1605 1391 1665 in
1443 1602 1893 1688 pallidioribus
1943 1603 2467 1692 cephalothorax‚
2517 1603 2827 1691 pallidius
2876 1617 2986 1670 aut

411 1708 752 1772 obscurius
816 1708 1059 1794 fulvus,
1124 1712 1288 1774 vitta
1348 1723 1618 1775 ornatur
1678 1710 1893 1775 media
1958 1711 2298 1776 rufofusca
2345 1711 2476 1776 lata
2523 1711 2871 1797 inaequali,
2918 1713 2986 1776 in

413 1827 592 1901 parte
640 1816 971 1882 thoracica
1019 1815 1163 1902 plus
1212 1818 1514 1882 minusve
1563 1817 1817 1883 stellato
1882 1817 2168 1903 dilatata,
2230 1830 2295 1883 et
2356 1820 2426 1881 in
2486 1829 2669 1904 parte
2733 1818 2986 1883 laterali

414 1926 687 2010 utraque
733 1922 907 1988 linea
954 1923 1169 1990 colore
1216 1925 1462 2009 eodem,
1510 1925 1918 2010 marginibus
1981 1927 2046 1990 in
2097 1928 2479 1990 universum
2530 1925 2858 2012 parallela„
2904 1949 2988 1990 ex

413 2029 673 2116 angulis
721 2034 948 2118 paucis
1011 2043 1124 2096 aut
1190 2032 1476 2097 arcubus
1524 2031 1995 2118 inaequalibus,
2042 2035 2219 2098 intus
2267 2033 2559 2107 curvatis
2608 2034 2986 2118 composita3

414 2139 618 2203 vittae
669 2137 920 2204 mediae
967 2162 1117 2225 pars
1165 2140 1399 2224 antica,
1461 2142 1527 2202 in
1591 2152 1773 2225 parte
1821 2140 2155 2226 cephalica
2201 2140 2341 2224 sita,
2391 2140 2770 2227 plerumque
2818 2139 2990 2204 111108

415 2245 653 2309 flavida
697 2246 844 2332 plus
890 2248 1197 2311 minusve
1258 2245 1546 2311 evidenti
1611 2247 2009 2311 dimidiatur.
2102 2249 2369 2312 Pictura
2433 2246 2987 2333 cephalothoracis

414 2362 553 2414 tum
604 2375 834 2438 parum
882 2352 1098 2418 differt
1146 2377 1184 2417 a
1228 2356 1486 2440 pictura
1533 2355 1610 2419 E.
1662 2357 1937 2419 trementi
1985 2356 2077 2440 (in
2125 2354 2249 2420 hoc
2296 2354 2480 2420 deest
2514 2356 2787 2419 fortasse
2835 2377 2988 2419 con-

417 2471 662 2524 stanter
733 2459 904 2526 linea
974 2461 1217 2532 flavida
1287 2463 1352 2525 in
1424 2473 1611 2547 parte
1674 2463 1995 2526 anteriore
2057 2463 2258 2526 vittae
2324 2462 2574 2526 mediae
2631 2461 2987 2542 obscurae).

416 2567 621 2631 Multo
684 2569 1020 2633 certiorem
1087 2582 1308 2633 notam
1369 2567 1633 2655 praebet
1698 2568 1873 2633 color
1935 2572 2154 2652 sterni,
2221 2568 2391 2655 quod
2440 2568 2760 2652 concolor,
2810 2567 2988 2632 rufo-

416 2672 697 2758 fuscum.
745 2673 1052 2761 pallidius
1099 2688 1211 2740 aut
1257 2676 1598 2740 obscurius
1647 2688 1745 2740 est
1790 2677 1859 2739 in
1892 2677 1971 2740 E.
2008 2677 2274 2762 luyubri,
2322 2677 2389 2738 111
2440 2683 2724 2740 truncato
2772 2686 2986 2740 autem

418 2780 676 2845 fuscum
730 2784 798 2844 in
846 2781 1178 2867 1810τί11118,
1227 2782 1470 2869 pallide
1532 2782 1845 2846 flavidum
1912 2782 2273 2848 secundum
2337 2782 2644 2846 medium.
2694 2782 2991 2847 Plerum-

418 2910 543 2973 que
590 2890 829 2976 optime
878 2889 1188 2954 differunt
1233 2889 1356 2955 1180
1405 2889 1655 2976 species
1704 2891 1873 2955 inter
1920 2912 1988 2953 se
2037 2890 2228 2954 etiam
2272 2889 2485 2954 colore
2530 2889 2789 2975 pedum.
2881 2888 2991 2953 Pi-

419 3008 669 3059 cturam
719 2996 959 3082 pedum
1022 2998 1090 3060 in
1154 2997 1472 3084 exemplis
1521 2996 1798 3061 obscure
1846 2997 2146 3061 coloratis
2210 2998 2287 3061 Ε.
2338 2998 2619 3082 luqubris
2666 2994 2993 3060 subtiliter

419 3101 768 3188 descripsit
828 3103 960 3168 cel.
1010 3106 1081 3168 E.
1147 3104 1369 3169 Simon
1434 3106 1503 3167 in
1572 3106 1738 3190 „Les
1802 3103 2212 3169 Arachnides
2260 3103 2341 3167 de
2389 3104 2681 3168 France“
2737 3100 2861 3166 vol.
2910 3103 2989 3184 V,

419 3232 566 3295 pag.
614 3212 719 3292 42,
765 3211 878 3292 433
928 3211 1285 3274 secundum
1336 3210 1654 3296 exempla,
1702 3233 1868 3297 quae
1917 3211 2075 3296 vidi,
2138 3211 2221 3275 ad
2271 3211 2774 3297 descriptionem
2823 3208 2991 3274 hanc

417 3314 786 3380 addiderim
836 3317 1062 3398 solum,
1114 3329 1488 3382 metatarsos
1536 3329 1598 3382 et
1645 3330 1853 3383 tarsos
1899 3320 2258 3383 anteriores
2304 3319 2446 3383 basi
2510 3329 2574 3382 et
2635 3318 2819 3403 apice
2883 3337 2992 3380 co—

418 3423 555 3488 lore
604 3423 972 3489 fusco-rufo
1032 3425 1181 3511 plus
1230 3427 1531 3489 minusve
1580 3447 1720 3490 esse
1768 3425 2059 3489 suffusos
2107 3426 2515 3511 (praesertim
2567 3429 2992 3506 metatarsos)‚

420 3542 839 3596 metatarsum
889 3533 987 3596 IV
1035 3534 1234 3597 maris
1282 3533 1660 3619 saepissime
1706 3555 1934 3617 parum
1988 3532 2249 3598 differre
2299 3532 2510 3596 colore
2558 3555 2596 3594 a
2643 3541 2992 3594 metatarso

420 3639 453 3702 I
501 3639 847 3725 (exempla,
894 3662 1060 3723 quae
1108 3641 1503 3722 examinavi,
1538 3640 1879 3704 manifesto
1914 3641 2133 3703 omnia
2163 3639 2472 3724 pallidius
2505 3638 2790 3701 colorata
2823 3649 2993 3720 sunt,

418 3769 615 3832 quam
663 3769 828 3833 quae
877 3746 1223 3833 descripsit
1268 3746 1398 3813 Cel.
1448 3747 1520 3810 E.
1570 3748 1812 3831 Simon,
1859 3746 2176 3811 annulum
2225 3748 2487 3832 nigrum
2520 3747 2691 3808 enim
2741 3746 2808 3807 in
2855 3766 2991 3807 me-

421 3855 683 3918 tatarsis
733 3854 831 3918 IV
879 3876 1005 3918 non
1057 3855 1237 3938 vidi).
1303 3855 1570 3919 Pictura
1618 3853 1780 3917 haec
1828 3855 2062 3928 variam
2113 3855 2177 3916 in
2228 3851 2547 3938 exemplis
2596 3851 2807 3915 colore
2855 3849 2990 3937 pal-

420 3960 556 4025 lido
603 3961 1079 4026 excellentibus
1126 3961 1375 4025 femora
1421 3961 1456 4025 I
1505 3983 1669 4046 pone
1718 3961 2005 4025 medium
2053 3960 2295 4023 annulo
2327 3958 2569 4046 pallido
2617 3980 2844 4044 parum
2877 3980 2986 4021 ex-

421 4092 647 4155 presso
710 4080 1043 4150 ornantur,
1108 4068 1356 4133 femora
1420 4069 1491 4134 H
1551 4080 1686 4132 tota
1748 4067 1886 4132 fere
1941 4065 2189 4153 pallida
2249 4079 2420 4149 sunt,
2485 4064 2734 4129 umbris
2800 4063 2991 4127 modo

423 4177 630 4241 fuscis
678 4177 746 4238 in
795 4174 996 4240 latere
1045 4177 1261 4239 antico
1310 4196 1474 4260 pone
1537 4174 1827 4238 medium
1890 4187 1954 4238 et
2015 4174 2097 4238 ad
2146 4175 2398 4260 apicem
2445 4175 2639 4258 picta,
2696 4172 2893 4235 tibiae
2941 4171 2992 4252 Ι,

422 4284 510 4368 ΙΙ,
560 4283 658 4348 IV
706 4305 834 4346 11011
883 4294 1053 4347 10180
1102 4281 1509 4346 fusco-rufae
1557 4294 1725 4365 sunt,
1774 4280 1889 4346 sed
1936 4303 2238 4366 magnam
2276 4291 2522 4367 partem
2573 4279 2851 4344 flavidae
2885 4279 2991 4356 ita,

426 4403 497 4454 ut
541 4390 800 4454 anticae
847 4389 1089 4454 annulo
1139 4390 1416 4454 obscuro
1466 4389 1669 4454 basali
1733 4390 2108 4472 angustiore
2171 4403 2234 4452 et
2297 4386 2531 4473 apicali
2582 4386 2711 4450 lato
2759 4409 2992 4449 ornen-

424 4509 549 4581 tur,
596 4496 905 4561 tibiarum
955 4497 1022 4560 II
1073 4498 1327 4583 pictura
1372 4495 1605 4560 similis
1654 4497 1753 4580 811,
1802 4494 1915 4559 sed
1959 4518 2040 4559 ex
2074 4493 2315 4558 annulo
2349 4492 2555 4558 basali
2603 4516 2755 4579 pars
2803 4492 2995 4555 modo

425 4607 491 4669 in
540 4603 747 4669 latere
793 4606 1009 4669 8111100
1058 4605 1182 4668 8118
1229 4615 1444 4687 restet,
1491 4603 1801 4668 tibiarum
1849 4603 1946 4667 IV
1996 4602 2340 4666 dimidium
2391 4599 2613 4663 hasale
2660 4597 2994 4680 flavidum,

426 4710 679 4798 apicale
729 4711 1166 4775 rufo-fuscum
1216 4712 1315 4774 sit.
1380 4710 1570 4776 Color
1630 4732 1853 4775 earum
1906 4710 2183 4795 partium
2242 4706 2502 4793 pedum,
2550 4729 2715 4792 quae
2761 4707 2996 4771 obscu—

428 4820 563 4883 rius
613 4818 934 4883 coloratae
983 4829 1150 4900 sunt,
1200 4819 1411 4882 variat
1473 4819 1643 4882 inter
1698 4816 1955 4880 fulvum
2020 4827 2083 4879 01
2146 4816 2733 4898 nigrocastaneum.
2783 4852 2867 4859 -
2918 4812 2997 4900 111
