3842 5942
2820 584 2947 648 567

362 792 518 855 aliis
550 791 1019 856 examinandas
1053 793 1415 880 accipiebat
1442 797 1503 873 ¹).
1532 793 1748 873 Quum
1776 794 1994 879 itaque
2019 791 2362 857 thesaurus
2397 795 2537 858 eius
2570 816 2696 858 non
2734 794 2940 860 solum

365 921 647 963 araneas
709 899 1099 964 Provinciae
1160 898 1514 965 Rhenanae
1577 902 1906 965 contineat
1966 899 2080 964 sed
2143 901 2339 964 etiam
2404 912 2768 985 extraneas,
2816 926 2946 966 non

364 1019 644 1092 possunt
689 1026 966 1070 araneae
1015 1007 1082 1069 in
1115 1005 1421 1070 thesauro
1467 1030 1541 1071 eo
1575 1020 1996 1072 conservatae
2028 1029 2158 1092 eae,
2203 1029 2477 1093 quarum
2517 1010 2725 1095 patria
2773 1009 2943 1073 indi-

365 1124 519 1177 cata
565 1135 695 1177 non
742 1126 856 1178 est.
904 1135 1129 1178 omnes
1176 1136 1292 1199 pro
1339 1115 1535 1178 certis
1583 1113 1816 1178 incolis
1864 1113 2249 1179 Provinciae
2298 1113 2651 1180 Rhenanae
2701 1116 2943 1181 h'aberi.

510 1210 856 1306 Postquam
905 1220 1291 1306 opusculum
1350 1220 1453 1283 W.
1503 1221 1927 1305 Bi'ssenbcrgii
1979 1221 2146 1306 „Die
2195 1221 2486 1308 Spinnen
2537 1221 2654 1287 der
2699 1223 2942 1288 Rhein-

363 1327 683 1412 proxinz“
737 1327 804 1390 in
854 1326 1070 1395 lucem
1118 1327 1365 1391 editum
1416 1341 1529 1409 est,
1585 1329 1816 1414 scripsi
1865 1330 2114 1393 auctori
2179 1327 2622 1413 celeberrimo,
2692 1341 2944 1418 partem

364 1434 687 1498 maiorem
749 1456 1156 1519 aranearum,
1222 1434 1304 1499 de
1366 1435 1602 1521 quibus
1663 1437 1897 1519 agitur,
1960 1447 2136 1499 certo
2198 1457 2329 1500 non
2384 1459 2422 1499 a
2469 1437 2606 1501 Dre
2654 1437 2945 1502 Bertkau

363 1539 607 1605 lectam
657 1541 771 1606 sed
818 1565 858 1605 a
902 1564 1007 1605 me
1055 1541 1151 1605 illi
1204 1543 1749 1607 communicatam
1798 1564 1957 1606 esse.
2014 1541 2452 1607 Nihilominus
2500 1566 2778 1609 araneae
2825 1545 2946 1609 hae

366 1660 441 1710 ut
472 1647 727 1713 incolae
775 1649 1173 1714 Provinciae
1222 1648 1575 1713 Rhenanae
1620 1649 1913 1736 prolatae
1962 1661 2113 1714 sunt
2161 1662 2380 1735 postca
2412 1652 2478 1714 in
2513 1673 2728 1737 opere,
2776 1652 2945 1738 quod

363 1754 761 1820 inscribitur
813 1756 979 1841 ⁷‚Die
1029 1756 1323 1841 Spinnen
1374 1755 1921 1820 Deutschlands“.

510 1969 614 2035 Ad
661 1991 858 2034 unam
906 1971 1174 2055 insuper
1237 1970 1520 2055 speciem
1585 1971 1874 2033 animum
1939 1970 2523 2055 arachnologorum
2587 1971 2946 2057 advertam,

366 2100 641 2142 necesse
688 2089 799 2142 est.
852 2077 1190 2141 Feminam
1227 2077 1786 2162 Lephthyphantae
1814 2080 2107 2143 annulati
2139 2077 2364 2142 Kulcz.
2417 2080 2482 2141 in
2521 2078 2757 2144 frutice
2790 2103 2948 2165 quo-

368 2184 524 2248 dam
591 2206 787 2270 prope
850 2183 1238 2270 Godesberg
1303 2183 1384 2247 ad
1435 2183 1738 2248 Rhenum
1799 2184 2184 2269 (secundum
2258 2184 2424 2269 „Die
2489 2173 2781 2272 Spinnen
2831 2186 2948 2251 der

368 2290 934 2379 Rheinprovinz“':
999 2293 1066 2354 in
1116 2291 1465 2355 fruticibus
1526 2291 1695 2354 inter
1757 2292 2049 2356 Bonnam
2113 2303 2176 2356 et
2245 2292 2655 2377 Godesberg)
2711 2292 2945 2358 lectam

367 2421 410 2461 a
458 2421 528 2463 se
578 2398 734 2463 dicit
788 2398 888 2462 W.
939 2399 1333 2483 Bosenberg.
1380 2398 1932 2483 Lephthyphantes
1962 2401 2306 2464 annulatus
2349 2401 2599 2484 species
2647 2412 2744 2467 est
2776 2411 2944 2465 cete-

369 2506 606 2592 roquin
652 2506 718 2568 in
770 2504 1100 2570 montibus
1148 2504 1430 2568 Tatricis
1480 2503 1686 2568 solum
1736 2503 2099 2588 observata,
2147 2504 2255 2569 ubi
2292 2509 2622 2590 regionem
2658 2505 2945 2592 alpinam

368 2613 774 2699 superiorem
824 2612 1016 2675 modo
1062 2611 1306 2695 incolit‚
1355 2633 1562 2699 neque
1593 2614 1660 2675 in
1694 2612 2028 2697 regionem
2077 2613 2225 2676 Pini
2273 2613 2496 2699 mughi
2537 2613 2800 2700 quidem
2836 2614 2943 2679 de-

370 2719 689 2784 scendere
735 2718 1014 2784 videtur.
1069 2718 1314 2783 Protuli
1366 2718 1627 2805 quidem
1678 2721 1957 2803 speciem
2008 2718 2178 2783 hanc
2227 2719 2376 2783 olim
2417 2732 2485 2783 ut
2519 2719 2797 2784 incolam
2846 2743 2947 2785 re-

370 2827 589 2911 gionis
635 2825 893 2912 alpinae
960 2827 1315 2912 superioris
1382 2825 1645 2911 Alpium
1711 2824 1996 2890 Tiroliae
2057 2825 2502 2891 meridionalis
2528 2831 2592 2911 2),
2655 2827 2769 2891 sed
2817 2850 2948 2891 non

370 2946 578 3016 recte3
624 2932 923 3019 exempla
970 2955 1101 2997 non
1152 2932 1395 3015 adulta,
1441 2956 1605 3019 quae
1650 2934 1719 2996 in
1769 2932 1943 2996 valle
1991 2932 2332 2998 Suldental
2380 2933 2557 2999 dicta
2603 2933 2735 3018 legi
2772 2947 2833 2998 et
2863 2973 2940 2982 —

371 3065 505 3105 non
568 3043 708 3104 sine
771 3040 1176 3105 dubitatione
1242 3080 1325 3087 -—
1376 3040 1937 3126 Lephthyphantae
1997 3042 2297 3105 cumulato
2359 3041 2805 3126 adnumeravi,
2861 3041 2947 3106 ad

371 3149 969 3235 Lephthyphantam
1015 3149 1283 3212 Kotulai
1315 3147 1546 3212 Kulcz.
1579 3148 1921 3234 pertinent.
1953 3148 2542 3232 Lephthyphantam
2575 3151 2948 3214 annulatum

371 3257 443 3320 in
482 3257 825 3320 Provincia
855 3254 1171 3320 Rhenana
1203 3276 1565 3339 occurrere,
1611 3254 1772 3318 adeo
1804 3277 2034 3340 parum
2066 3254 2423 3319 verisimile
2472 3266 2584 3339 est,
2634 3267 2704 3320 ut
2737 3257 2946 3343 suspi-

374 3376 561 3427 catus
607 3364 747 3448 sim,
794 3362 898 3427 W.
950 3360 1466 3446 Bosenbergium
1514 3361 1704 3426 aliam
1757 3361 2084 3448 quandam
2133 3362 2416 3447 speciem
2462 3385 2580 3448 pro
2620 3363 2695 3427 L.
2743 3384 2948 3427 annu-

373 3473 503 3535 lato
550 3469 883 3552 habuiss03
946 3491 1076 3533 non
1125 3480 1326 3550 recte3
1390 3468 1653 3551 femina,
1699 3492 1892 3556 quam
1944 3467 2100 3533 mihi
2150 3469 2254 3533 W.
2307 3470 2680 3554 Bosenberg
2728 3480 2948 3555 postea

373 3575 877 3643 examinandam
930 3576 1457 3660 communicavit,
1511 3597 1706 3639 verus
1752 3588 1851 3640 est
1881 3577 1959 3639 L.
1994 3578 2352 3659 αηηιιῐαιαε,
2399 3575 2480 3639 ab
2529 3575 2846 3663 exemplis
2877 3576 2943 3638 in

376 3684 708 3749 montibus
755 3683 1038 3748 Tatricis
1085 3682 1272 3748 lectis
1319 3681 1502 3746 nulla
1548 3704 1617 3746 re
1665 3682 2032 3747 distinctus.
2081 3683 2408 3763 Quamdiu
2459 3683 2945 3748 observationes

374 3792 720 3856 ulteriores
769 3813 899 3854 non
954 3790 1493 3855 demonstrabunt
1537 3788 1714 3853 haud
1761 3789 1979 3873 dubie,
2040 3790 2631 3875 Lephthyphantam
2676 3793 2945 3855 annula-

376 3907 509 3964 tum
570 3919 804 3963 revera
865 3898 1286 3962 Provinciam
1348 3895 1728 3961 Rhenanam
1793 3896 2098 3971 incolere,
2168 3895 2289 3960 hoc
2351 3919 2582 3960 verum
2644 3898 2948 3981 aenigma

375 4004 1003 4092 zoogeographicum
1076 4006 1143 4067 in
1212 4026 1432 4069 errore
1493 4003 1769 4090 quodam
1834 4004 2112 4089 positum
2180 4003 2483 4068 censebo:
2554 4002 2947 4089 exemplum,

377 4113 551 4201 quod
598 4113 705 4176 W.
754 4111 1129 4197 Bosenberg
1176 4113 1244 4174 in
1294 4110 1597 4175 manibus
1644 4109 1889 4189 habuit‚
1939 4110 2214 4175 fortasse
2261 4132 2388 4174 non
2438 4110 2518 4174 ab
2568 4133 2642 4174 eo
2682 4109 2763 4174 ad
2813 4109 2946 4176 Go-

378 4220 662 4303 desberg
724 4218 983 4303 lectum,
1049 4218 1163 4282 sed
1228 4241 1267 4282 a
1312 4241 1415 4281 me
1472 4220 1538 4282 in
1588 4218 1916 4281 montibus
1980 4218 2258 4281 Tatricis
2322 4229 2647 4303 repertum
2714 4228 2777 4281 et
2823 4216 2946 4281 Dri

379 4328 666 4392 Bertkau
717 4326 1286 4409 communicatum,
1348 4349 1387 4389 a
1435 4324 1869 4411 Bosenbergio
1918 4347 2147 4390 verum
2194 4338 2414 4411 postea
2463 4347 2615 4388 casu
2664 4323 2944 4411 quodam

378 4434 551 4497 inter
597 4455 868 4497 araneas
916 4433 997 4496 ad
1047 4431 1430 4516 Godesberg
1476 4431 1781 4496 collectas
1830 4433 2142 4496 iniectum
2191 4442 2303 4495 est.

526 4612 566 4678 ¹)
604 4614 712 4663 Cfr.
752 4615 845 4665 Dr.
900 4613 991 4663 Ph.
1031 4613 1287 4667 Bertkau.
1340 4612 1675 4664 Arachniden
1728 4612 2047 4676 gesammelt
2096 4628 2216 4663 vom
2258 4610 2340 4663 12.
2380 4613 2679 4662 November
2717 4610 2946 4663 1888...

379 4704 436 4752 in
475 4704 582 4753 San
622 4702 787 4752 Romo
826 4718 930 4752 von
969 4704 1110 4754 Prof.
1153 4704 1244 4751 Dr.
1279 4701 1454 4752 Oskar
1492 4702 1797 4763 Schneider3
1836 4702 2198 4766 Sitzungsber.
2239 4718 2288 4753 u.
2329 4701 2592 4753 Abhandl.
2631 4699 2943 4752 Naturwiss.

380 4793 501 4844 Ges.
542 4792 644 4842 Isis
685 4792 926 4841 Dresden
965 4790 1103 4843 1893
1118 4792 1182 4855 (2²)
2875 4777 2885 4786 ⁸

525 4880 565 4945 ²)
604 4881 857 4945 Symbola
896 4881 964 4930 ad
1006 4882 1224 4931 faunam
1265 4880 1725 4931 Arachnoidarum
1762 4880 2107 4943 Tirolensem‚
2149 4876 2302 4931 1887.
