3842 5942
908 585 1039 648 554

909 797 1189 883 speciem
1253 795 1600 882 (imprimis
1664 793 2162 880 paracymbium
2226 815 2354 856 non
2419 791 2584 856 bene
2648 791 3046 856 delineatum
3108 802 3207 857 est
3266 793 3333 854 in
3388 794 3497 870 ea3

908 907 1154 969 Auctor
1200 902 1476 966 fortasse
1539 912 1787 987 partem
1850 899 2170 986 apicalem
2212 914 2577 986 ‘processus
2636 897 2848 979 huius,
2919 920 3084 985 quae
3146 896 3499 963 difficilius

906 1011 1325 1096 conspicitur,
1374 1030 1640 1074 cernere
1685 1029 1818 1071 non
1866 1006 2116 1093 potuit).

1041 1117 1147 1179 An
1194 1128 1410 1181 tamen
1473 1115 1953 1200 Bathyphantes
2021 1113 2290 1178 Simonii
2353 1112 2589 1197 Bosbg.
2653 1112 2828 1177 idem
2893 1113 2977 1176 sit
3034 1122 3227 1199 atque
3275 1111 3502 1196 Leph-

908 1223 1276 1309 tkyphantes
1321 1225 1609 1287 zelir-inus
1655 1222 1727 1285 Ε.
1779 1221 1953 1305 Sim,
2002 1220 2242 1285 dubito.
2293 1218 2486 1301 Quod
2533 1225 2810 1306 speciem
2860 1218 3032 1283 hanc
3091 1219 3194 1284 W.
3243 1219 3502 1282 Boseu-

908 1331 1087 1417 berg·
1115 1331 1341 1415 generi
1390 1329 1876 1414 Bathyphantae
1925 1327 2285 1411 subiunxit,
2332 1348 2726 1412 quamquam
2774 1327 2849 1390 L.
2881 1327 3167 1390 zebrinus
3216 1326 3290 1390 E.
3326 1324 3497 1391 Sim.

908 1461 1105 1502 verus
1153 1451 1251 1502 est
1297 1437 1861 1522 Lephthyphantes‚
1908 1456 2014 1499 res
2062 1457 2193 1499 non
2242 1435 2460 1520 magni
2511 1435 2820 1498 momenti
2870 1445 2986 1515 est,
3033 1434 3348 1519 qnoniam
3384 1432 3500 1496 W.

906 1544 1283 1631 Bosenberg
1329 1566 1570 1629 genera
1632 1543 2228 1628 Lephthyphantam
2284 1552 2348 1606 et
2397 1541 2915 1626 Bathyphantam
2960 1540 3308 1605 manifesto
3361 1561 3500 1603 non

908 1651 1188 1716 eundern
1238 1653 1305 1715 in
1354 1650 1620 1714 modum
1667 1663 1859 1736 atque
1906 1649 2019 1714 alii
2067 1660 2366 1713 auctores
2416 1647 2718 1712 distinxit
2764 1647 3048 1734 (qualem
3098 1646 3164 1711 in
3216 1646 3498 1711 modum

907 1760 1297 1843 distinxerit,
1345 1757 1618 1822 difficile
1665 1770 1763 1821 est
1810 1757 1893 1821 ad
1959 1755 2437 1840 extricandam,
2485 1753 2643 1818 mihi
2691 1753 3000 1841 quidem).
3046 1753 3340 1820 Gravius
3393 1755 3503 1817 vi-

910 1866 1116 1952 detur,
1163 1865 1332 1952 quod
1384 1888 1592 1952 neque
1637 1865 1889 1950 figurae
1953 1886 2161 1949 neque
2208 1862 2562 1947 descriptio
2622 1885 2661 1927 a
2711 1861 3148 1947 Bosenbergio
3198 1860 3501 1947 prolatae

909 1974 975 2036 in
1024 1974 1099 2039 L.
1146 1975 1463 2038 zebrz’num
1509 1974 1583 2037 E.
1633 1973 1787 2038 Sim.
1835 1971 2175 2058 quadrant.
2224 1972 2328 2034 An
2388 1979 2735 2033 occurrant
2792 1969 3073 2033 feminae
3120 1969 3199 2032 L.
3247 1969 3504 2032 zebrini

906 2080 982 2145 E.
1030 2080 1185 2147 Sim.
1236 2082 1325 2144 ita
1372 2079 1712 2159 coloratae,
1764 2090 1832 2143 ut
1878 2100 1988 2143 eas
2037 2076 2414 2161 Bosenberg
2462 2075 2816 2142 delineavit
2860 2087 2926 2141 et
2974 2074 3343 2162 descripsit,
3394 2073 3502 2137 di-

908 2208 1055 2251 cere
1102 2210 1229 2251 non
1279 2210 1561 2274 possum,
1612 2187 1867 2250 unicam
1917 2185 2090 2250 enim
2135 2182 2325 2248 modo
2373 2184 2687 2248 feminam
2725 2184 2926 2247 'huius
2961 2184 3198 2269 speciei
3250 2185 3319 2245 in
3356 2204 3501 2244 ma-

786 2304 791 2311 '
907 2294 1102 2358 nibus
1149 2294 1374 2378 habe0,
1422 2315 1613 2380 quam
1664 2293 1820 2357 mihi
1868 2293 2154 2376 benigne
2187 2291 2700 2356 communicavit
2743 2290 2876 2357 Cel.
2909 2289 3019 2355 Fr.
3067 2288 3500 2375 Cambridge,

908 2403 1168 2467 nomine
1214 2402 1291 2466 L.
1342 2403 1755 2466 Blackwallz'i‘
1802 2398 2037 2464 Kulcz.
2104 2400 2450 2484 signatam3
2515 2398 2676 2463 haec
2731 2397 2979 2463 femina
3025 2397 3229 2462 multo
3276 2397 3499 2462 abun-

908 2509 1050 2572 dius
1099 2508 1313 2573 colore
1361 2509 1547 2573 fusco
1593 2508 1769 2595 picta
1815 2525 1913 2570 est
1959 2508 2028 2569 in
2075 2506 2269 2571 dorso
2317 2505 2682 2570 abdominis
2729 2528 2924 2592 quam
2973 2504 3272 2592 exempla
3308 2528 3348 2568 a
3387 2506 3500 2583 W,

909 2614 1349 2699 Bosenbergio
1397 2626 1460 2680 et
1520 2616 1594 2680 E.
1659 2614 1948 2681 Simonio
1994 2614 2337 2699 descripta.
2403 2613 2709 2702 Epigyne
2771 2635 2810 2677 a
2874 2612 3314 2697 Bosenbergio
3381 2612 3499 2675 de-

907 2722 1147 2787 lineata
1193 2721 1468 2786 similior
1515 2721 1674 2785 mihi
1725 2722 1987 2786 videtur
2032 2723 2356 2809 epigynae
2404 2722 2480 2785 L.
2525 2721 2759 2785 zebrz'm'
2805 2720 2975 2806 Mge.
3024 2742 3220 2806 qnam
3269 2720 3350 2784 L.
3400 2743 3496 2782 ze-

910 2831 1079 2893 brz'ni
1123 2829 1197 2893 E.
1246 2829 1401 2896 Sim.
1449 2829 1527 2893 In
1576 2829 1803 2915 figuris
1853 2828 2279 2911 Bosenbergii
2330 2828 2451 2892 101
2505 2828 2567 2890 D
2617 2839 2679 2891 et
2731 2830 2851 2892 101
2889 2828 2963 2907 Ε,
3003 2850 3168 2915 quae
3215 2826 3492 2913 palpum
3567 2863 3578 2873 ·

908 2937 1109 3000 maris
1158 2948 1662 3024 repraesentant,
1725 2934 1887 2999 nihil
1955 2935 2165 3019 video,
2227 2934 2398 3021 quod
2463 2934 2879 3018 demonstret,
2926 2934 3170 3019 figuras
3216 2933 3341 2998 has
3393 2957 3494 2997 re-

908 3066 1067 3109 vera
1115 3042 1472 3108 secundum
1519 3043 1787 3130 palpum
1836 3044 1913 3107 L.
1962 3044 2200 3107 zebrz'ni
2245 3043 2318 3106 E.
2368 3043 2524 3108 Sim.
2572 3041 2930 3106 delineatas
2978 3063 3137 3105 esse.
3187 3080 3274 3087 —
3325 3042 3386 3106 F
3388 3064 3495 3104 or-

909 3164 1079 3215 tasse
1143 3153 1362 3238 itaque
1424 3150 1898 3235 Bathyphantes
1967 3150 2237 3214 Simonii
2298 3148 2537 3233 Bosbg.
2602 3150 2852 3235 species
2915 3159 3014 3214 est
3074 3170 3113 3211 a
3163 3148 3494 3232 Lephtky-

900 3258 1148 3342 phau-ta
1192 3260 1439 3324 zahrino
1487 3258 1561 3322 E.
1608 3258 1763 3323 Sim.
1813 3256 2138 3341 distincta,
2187 3256 2346 3320 mihi
2374 3294 2456 3303 —-
2484 3257 2552 3319 ni
2601 3254 3161 3339 fallor—ignota.

1039 3366 1180 3429 Mas
1227 3365 1786 3451 Lephthyphanlae
1829 3365 2068 3429 zebrim·
2113 3364 2187 3428 E.
2237 3364 2410 3438 Sim„
2454 3362 2528 3428 O.
2561 3363 2818 3430 Gambr.
2872 3363 3061 3447 1879,
3107 3362 3179 3426 F.
3211 3362 3468 3428 Gambr

910 3473 1101 3557 1891,
1150 3474 1287 3538 sive
1348 3474 1425 3537 L.
1485 3473 2011 3537 Zimmemnanniel
2072 3470 2309 3553 Bertk,
2371 3471 2446 3535 L.
2511 3471 2910 3536 Blackwalliz‘
2971 3468 3219 3551 Kulcz,
3287 3469 3491 3534 facile

908 3580 1333 3664 distinguitur
1393 3578 1798 3667 paracymbii
1863 3577 2074 3644 forma
2139 3590 2203 3641 et
2249 3580 2579 3642 armatura
2624 3601 2663 3644 a
2710 3577 3254 3663 Lephthyphantis
3301 3578 3490 3640 simi-

908 3686 1107 3752 libus:
1175 3689 1535 3753 tenebfficola
1595 3685 1846 3770 (Wid.)‚
1909 3686 2212 3770 flavipedi
2271 3683 2630 3771 (Blackw.),
2693 3685 2938 3771 illenqez'
2999 3683 3249 3761 Kulcz.,
3314 3686 3492 3749 tenui

907 3794 1276 3881 (Blackw.).
1321 3794 1482 3880 (cfr.
1531 3797 1827 3858 Araneae
1876 3793 2276 3877 Hungariae,
2337 3791 2462 3856 vol.
2511 3792 2598 3876 II,
2647 3815 2788 3878 pag.
2836 3794 2963 3877 69).
3028 3790 3301 3856 Femina
3350 3791 3488 3877 epi-

908 3925 1126 3992 gynae
1173 3902 1383 3966 forma
1430 3903 1562 3987 (fig.
1609 3902 1719 3981 20)
1761 3901 2083 3985 imprimis
2116 3899 2349 3963 similis
2382 3911 2480 3963 est
2525 3899 2602 3963 L.
2639 3901 3034 3964 tenebricolae
3063 3909 3127 3962 et
3157 3899 3235 3963 L.
3287 3902 3484 3979 tenui3

910 4011 1087 4095 scapi
1138 4031 1307 4094 parS,
1356 4032 1521 4095 quae
1566 4010 1634 4073 in
1683 4010 1971 4095 epigyna
2018 4030 2148 4071 non
2194 4006 2467 4070 distorta
2512 4006 2802 4070 cernitur
2847 4018 3104 4092 praeter
3148 4003 3482 4090 apiculum

908 4117 1249 4202 posticum,
1296 4139 1597 4201 magnam
1662 4125 1910 4201 partem
1975 4113 2318 4179 latitudine
2366 4125 2464 4178 est
2509 4111 2907 4200 subaequali,
2962 4134 3056 4178 ca.
3101 4112 3300 4177 0065
3349 4134 3482 4175 mm

910 4222 1057 4306 lata,
1106 4224 1291 4309 apice
1339 4223 1552 4288 subito
1600 4222 1872 4286 dilatata
1917 4223 1987 4285 in
2034 4219 2361 4285 lamellam
2412 4242 2505 4284 ca.
2552 4221 2700 4284 0·18
2750 4218 2965 4303 latam,
3014 4241 3109 4283 ca.
3156 4216 3482 4284 0081011-

911 4353 1081 4416 gam,
1143 4353 1349 4417 paene
1411 4330 1787 4418 ellipticam‚
1849 4351 2050 4415 quum
2112 4328 2194 4392 ab
2258 4329 2389 4391 imo
2451 4327 2829 4412 adspicitur,
2884 4327 2952 4389 in
2999 4324 3480 4410 longitudinem

911 4452 974 4502 et
1021 4439 1089 4501 in
1137 4450 1585 4503 transversum
1632 4436 1934 4521 (laevius)
1983 4457 2369 4517 convexam3
2433 4434 2774 4499 tubercula
2817 4432 2941 4498 alis
2986 4431 3370 4497 lateralibus
3417 4441 3481 4496 et

912 4567 1107 4631 scapo
1154 4546 1510 4627 interiecta,
1560 4567 1706 4608 cum
1754 4542 1951 4607 huius
1997 4553 2180 4627 parte
2227 4543 2506 4627 angusta
2545 4540 3005 4625 contingentia,
3052 4539 3192 4603 fere
3237 4541 3308 4601 in
3341 4538 3476 4603 lon-

909 4652 1276 4737 gitudinem
1323 4652 1589 4736 directa,
1635 4651 1982 4736 insigniter
2027 4650 2239 4735 longa,
2289 4647 2633 4713 latitudine
2679 4646 2895 4734 paullo
2941 4646 3289 4733 inaequali,
3331 4668 3474 4733 par-

910 4770 1038 4823 tem
1088 4759 1267 4845 scapi
1315 4758 1651 4822 dilatatam
1697 4781 1827 4821 non
1875 4759 2230 4842 attingunt3
2291 4756 2359 4820 in
2406 4765 2592 4842 parte
2639 4756 2961 4844 epigynae
3015 4755 3266 4841 postica
3311 4756 3475 4817 inter

911 4864 1237 4931 lamellam
1286 4866 1601 4953 apicalem
1653 4868 1829 4951 scapi
1878 4876 1943 4929 et
1988 4863 2127 4929 alas
2176 4863 2475 4929 laterales
2537 4861 2799 4927 lamella
2847 4862 3172 4948 utrimque
3220 4861 3473 4946 conspi-
