<?xml version="1.0" encoding="UTF-8"?>
<!DOCTYPE html PUBLIC "-//W3C//DTD XHTML 1.0 Transitional//EN"
    "http://www.w3.org/TR/xhtml1/DTD/xhtml1-transitional.dtd">
<html xmlns="http://www.w3.org/1999/xhtml" xml:lang="en" lang="en">
 <head>
  <title>
</title>
<meta http-equiv="Content-Type" content="text/html;charset=utf-8" />
  <meta name='ocr-system' content='tesseract 3.04.00' />
  <meta name='ocr-capabilities' content='ocr_page ocr_carea ocr_par ocr_line ocrx_word'/>
</head>
<body>
  <div class='ocr_page' id='page_1' title='image "./bulletininterna05przgoog_0371.png"; bbox 0 0 3842 5942; ppageno 0'>
   <div class='ocr_carea' id='block_1_1' title="bbox 920 564 1053 630">
    <p class='ocr_par' dir='ltr' id='par_1_1' title="bbox 920 564 1053 630">
     <span class='ocr_line' id='line_1_1' title="bbox 920 564 1053 630; baseline -0.008 0"><span class='ocrx_word' id='word_1_1' title='bbox 920 564 1053 630; x_wconf 78' lang='lat'><strong>534</strong></span> 
     </span>
    </p>
   </div>
   <div class='ocr_carea' id='block_1_2' title="bbox 918 776 3495 4934">
    <p class='ocr_par' dir='ltr' id='par_1_2' title="bbox 918 776 3495 4934">
     <span class='ocr_line' id='line_1_2' title="bbox 918 776 3490 865; baseline -0 -22"><span class='ocrx_word' id='word_1_2' title='bbox 918 789 1295 843; x_wconf 79' lang='lat' dir='ltr'><strong>transverse</strong></span> <span class='ocrx_word' id='word_1_3' title='bbox 1342 778 1633 841; x_wconf 75' lang='lat' dir='ltr'><strong>striatas!</strong></span> <span class='ocrx_word' id='word_1_4' title='bbox 1694 779 1997 864; x_wconf 82' lang='lat' dir='ltr'><strong>Desuper</strong></span> <span class='ocrx_word' id='word_1_5' title='bbox 2041 776 2350 864; x_wconf 78' lang='lat' dir='ltr'><strong>adspecta</strong></span> <span class='ocrx_word' id='word_1_6' title='bbox 2412 778 2613 843; x_wconf 91' lang='lat' dir='ltr'><strong>series</strong></span> <span class='ocrx_word' id='word_1_7' title='bbox 2665 780 2986 843; x_wconf 78' lang='lat' dir='ltr'><strong>oculorum</strong></span> <span class='ocrx_word' id='word_1_8' title='bbox 3033 778 3345 865; x_wconf 86' lang='lat' dir='ltr'><strong>posterior</strong></span> <span class='ocrx_word' id='word_1_9' title='bbox 3391 790 3490 843; x_wconf 85' lang='lat' dir='ltr'><strong>sat</strong></span> 
     </span>
     <span class='ocr_line' id='line_1_3' title="bbox 921 883 3489 971; baseline 0 -23"><span class='ocrx_word' id='word_1_10' title='bbox 921 884 1172 949; x_wconf 87' lang='lat' dir='ltr'><strong>fortiter</strong></span> <span class='ocrx_word' id='word_1_11' title='bbox 1218 905 1558 970; x_wconf 74' lang='lat' dir='ltr'><strong>procurva,</strong></span> <span class='ocrx_word' id='word_1_12' title='bbox 1628 884 2036 969; x_wconf 85' lang='lat' dir='ltr'><strong>marginibus</strong></span> <span class='ocrx_word' id='word_1_13' title='bbox 2080 885 2345 971; x_wconf 88' lang='lat' dir='ltr'><strong>posticis</strong></span> <span class='ocrx_word' id='word_1_14' title='bbox 2390 883 2728 949; x_wconf 91' lang='lat' dir='ltr'><strong>oculorum</strong></span> <span class='ocrx_word' id='word_1_15' title='bbox 2779 883 3150 949; x_wconf 84' lang='lat' dir='ltr'><strong>lateralium</strong></span> <span class='ocrx_word' id='word_1_16' title='bbox 3197 883 3489 971; x_wconf 85' lang='lat' dir='ltr'><strong>paullulo</strong></span> 
     </span>
     <span class='ocr_line' id='line_1_4' title="bbox 918 990 3488 1080; baseline 0 -24"><span class='ocrx_word' id='word_1_17' title='bbox 918 1013 1086 1080; x_wconf 91' lang='lat' dir='ltr'><strong>pone</strong></span> <span class='ocrx_word' id='word_1_18' title='bbox 1133 991 1422 1055; x_wconf 88' lang='lat' dir='ltr'><strong>medium</strong></span> <span class='ocrx_word' id='word_1_19' title='bbox 1474 990 1840 1055; x_wconf 89' lang='lat' dir='ltr'><strong>mediorum</strong></span> <span class='ocrx_word' id='word_1_20' title='bbox 1903 993 2071 1071; x_wconf 79' lang='lat' dir='ltr'><strong>sitis3</strong></span> <span class='ocrx_word' id='word_1_21' title='bbox 2140 991 2340 1056; x_wconf 89' lang='lat' dir='ltr'><strong>series</strong></span> <span class='ocrx_word' id='word_1_22' title='bbox 2386 992 2673 1057; x_wconf 88' lang='lat' dir='ltr'><strong>anterior</strong></span> <span class='ocrx_word' id='word_1_23' title='bbox 2721 991 3074 1056; x_wconf 85' lang='lat' dir='ltr'><strong>fortissime</strong></span> <span class='ocrx_word' id='word_1_24' title='bbox 3119 1002 3488 1057; x_wconf 80' lang='lat' dir='ltr'><strong>recurvata:</strong></span> 
     </span>
     <span class='ocr_line' id='line_1_5' title="bbox 919 1097 3490 1185; baseline 0 -22"><span class='ocrx_word' id='word_1_25' title='bbox 919 1097 1127 1163; x_wconf 90' lang='lat' dir='ltr'><strong>oculis</strong></span> <span class='ocrx_word' id='word_1_26' title='bbox 1158 1119 1376 1163; x_wconf 88' lang='lat' dir='ltr'><strong>aream</strong></span> <span class='ocrx_word' id='word_1_27' title='bbox 1408 1100 1801 1183; x_wconf 88' lang='lat' dir='ltr'><strong>trapezicam</strong></span> <span class='ocrx_word' id='word_1_28' title='bbox 1832 1098 2323 1185; x_wconf 83' lang='lat' dir='ltr'><strong>occupantibus,</strong></span> <span class='ocrx_word' id='word_1_29' title='bbox 2355 1110 2505 1163; x_wconf 89' lang='lat' dir='ltr'><strong>ante</strong></span> <span class='ocrx_word' id='word_1_30' title='bbox 2534 1100 2703 1181; x_wconf 86' lang='lat'>0·46‚</span> <span class='ocrx_word' id='word_1_31' title='bbox 2739 1121 2902 1184; x_wconf 89' lang='lat' dir='ltr'><strong>pone</strong></span> <span class='ocrx_word' id='word_1_32' title='bbox 2932 1099 3085 1163; x_wconf 68' lang='lat'><strong>054</strong></span> <span class='ocrx_word' id='word_1_33' title='bbox 3108 1120 3242 1162; x_wconf 90' lang='lat' dir='ltr'><strong>mm</strong></span> <span class='ocrx_word' id='word_1_34' title='bbox 3273 1098 3490 1178; x_wconf 80' lang='lat' dir='ltr'><strong>latam,</strong></span> 
     </span>
     <span class='ocr_line' id='line_1_6' title="bbox 920 1204 3490 1294; baseline -0 -24"><span class='ocrx_word' id='word_1_35' title='bbox 920 1205 1072 1270; x_wconf 83' lang='lat'>0·14</span> <span class='ocrx_word' id='word_1_36' title='bbox 1118 1206 1399 1290; x_wconf 90' lang='lat' dir='ltr'><strong>longam.</strong></span> <span class='ocrx_word' id='word_1_37' title='bbox 1447 1204 1639 1270; x_wconf 92' lang='lat' dir='ltr'><strong>Oculi</strong></span> <span class='ocrx_word' id='word_1_38' title='bbox 1686 1206 1917 1290; x_wconf 77' lang='lat' dir='ltr'><strong>postici</strong></span> <span class='ocrx_word' id='word_1_39' title='bbox 1966 1204 2162 1269; x_wconf 87' lang='lat' dir='ltr'><strong>medii</strong></span> <span class='ocrx_word' id='word_1_40' title='bbox 2211 1204 2589 1270; x_wconf 84' lang='lat' dir='ltr'><strong>lateralibus</strong></span> <span class='ocrx_word' id='word_1_41' title='bbox 2636 1204 2857 1294; x_wconf 88' lang='lat' dir='ltr'><strong>paullo</strong></span> <span class='ocrx_word' id='word_1_42' title='bbox 2903 1206 3201 1289; x_wconf 85' lang='lat' dir='ltr'><strong>maiores,</strong></span> <span class='ocrx_word' id='word_1_43' title='bbox 3256 1207 3490 1271; x_wconf 85' lang='lat' dir='ltr'><strong>anticis</strong></span> 
     </span>
     <span class='ocr_line' id='line_1_7' title="bbox 921 1310 3492 1399; baseline 0 -23"><span class='ocrx_word' id='word_1_44' title='bbox 921 1310 1154 1377; x_wconf 91' lang='lat' dir='ltr'><strong>mediis</strong></span> <span class='ocrx_word' id='word_1_45' title='bbox 1209 1312 1426 1399; x_wconf 89' lang='lat' dir='ltr'><strong>paullo</strong></span> <span class='ocrx_word' id='word_1_46' title='bbox 1485 1313 1790 1397; x_wconf 89' lang='lat' dir='ltr'><strong>minores,</strong></span> <span class='ocrx_word' id='word_1_47' title='bbox 1850 1310 2153 1378; x_wconf 87' lang='lat' dir='ltr'><strong>laterales</strong></span> <span class='ocrx_word' id='word_1_48' title='bbox 2215 1313 2413 1377; x_wconf 88' lang='lat' dir='ltr'><strong>antici</strong></span> <span class='ocrx_word' id='word_1_49' title='bbox 2476 1311 2745 1399; x_wconf 81' lang='lat' dir='ltr'><strong>reliquis</strong></span> <span class='ocrx_word' id='word_1_50' title='bbox 2810 1313 3109 1396; x_wconf 77' lang='lat' dir='ltr'><strong>minoreS,</strong></span> <span class='ocrx_word' id='word_1_51' title='bbox 3172 1312 3492 1377; x_wconf 88' lang='lat' dir='ltr'><strong>diametro</strong></span> 
     </span>
     <span class='ocr_line' id='line_1_8' title="bbox 921 1418 3490 1507; baseline 0 -24"><span class='ocrx_word' id='word_1_52' title='bbox 921 1419 1211 1484; x_wconf 68' lang='lat' dir='ltr'><strong>maxima</strong></span> <span class='ocrx_word' id='word_1_53' title='bbox 1272 1420 1532 1484; x_wconf 87' lang='lat' dir='ltr'><strong>circiter</strong></span> <span class='ocrx_word' id='word_1_54' title='bbox 1580 1418 1661 1505; x_wconf 56' lang='lat' dir='ltr'><strong>”lg</strong></span> <span class='ocrx_word' id='word_1_55' title='bbox 1713 1418 2014 1485; x_wconf 89' lang='lat' dir='ltr'><strong>diametri</strong></span> <span class='ocrx_word' id='word_1_56' title='bbox 2075 1420 2435 1485; x_wconf 88' lang='lat' dir='ltr'><strong>anticorum</strong></span> <span class='ocrx_word' id='word_1_57' title='bbox 2500 1418 2863 1484; x_wconf 89' lang='lat' dir='ltr'><strong>mediorum</strong></span> <span class='ocrx_word' id='word_1_58' title='bbox 2925 1422 3254 1507; x_wconf 80' lang='lat' dir='ltr'><strong>aequanti3</strong></span> <span class='ocrx_word' id='word_1_59' title='bbox 3317 1419 3490 1487; x_wconf 91' lang='lat' dir='ltr'><strong>oculi</strong></span> 
     </span>
     <span class='ocr_line' id='line_1_9' title="bbox 920 1525 3492 1615; baseline 0 -25"><span class='ocrx_word' id='word_1_60' title='bbox 920 1527 1152 1615; x_wconf 86' lang='lat' dir='ltr'><strong>postici</strong></span> <span class='ocrx_word' id='word_1_61' title='bbox 1200 1525 1399 1591; x_wconf 92' lang='lat' dir='ltr'><strong>medii</strong></span> <span class='ocrx_word' id='word_1_62' title='bbox 1447 1526 1617 1591; x_wconf 87' lang='lat' dir='ltr'><strong>inter</strong></span> <span class='ocrx_word' id='word_1_63' title='bbox 1662 1550 1730 1591; x_wconf 90' lang='lat' dir='ltr'><strong>se</strong></span> <span class='ocrx_word' id='word_1_64' title='bbox 1778 1549 2005 1614; x_wconf 90' lang='lat' dir='ltr'><strong>parum</strong></span> <span class='ocrx_word' id='word_1_65' title='bbox 2055 1527 2203 1613; x_wconf 91' lang='lat' dir='ltr'><strong>plus</strong></span> <span class='ocrx_word' id='word_1_66' title='bbox 2249 1549 2443 1613; x_wconf 89' lang='lat' dir='ltr'><strong>quam</strong></span> <span class='ocrx_word' id='word_1_67' title='bbox 2493 1526 2808 1591; x_wconf 85' lang='lat' dir='ltr'><strong>diametro</strong></span> <span class='ocrx_word' id='word_1_68' title='bbox 2872 1526 3207 1605; x_wconf 75' lang='lat' dir='ltr'><strong>distanteS,</strong></span> <span class='ocrx_word' id='word_1_69' title='bbox 3255 1527 3492 1594; x_wconf 87' lang='lat' dir='ltr'><strong>latera-</strong></span> 
     </span>
     <span class='ocr_line' id='line_1_10' title="bbox 919 1618 3489 1720; baseline -0.001 -20"><span class='ocrx_word' id='word_1_70' title='bbox 919 1633 1094 1700; x_wconf 86' lang='lat' dir='ltr'><strong>libus</strong></span> <span class='ocrx_word' id='word_1_71' title='bbox 1141 1632 1336 1698; x_wconf 84' lang='lat' dir='ltr'><strong>valde</strong></span> <span class='ocrx_word' id='word_1_72' title='bbox 1382 1634 1831 1719; x_wconf 80' lang='lat' dir='ltr'><strong>approximati,</strong></span> <span class='ocrx_word' id='word_1_73' title='bbox 1894 1657 1934 1698; x_wconf 90' lang='lat' dir='ltr'><strong>a</strong></span> <span class='ocrx_word' id='word_1_74' title='bbox 1979 1634 2212 1698; x_wconf 91' lang='lat' dir='ltr'><strong>mediis</strong></span> <span class='ocrx_word' id='word_1_75' title='bbox 2259 1633 2491 1698; x_wconf 88' lang='lat' dir='ltr'><strong>anticis</strong></span> <span class='ocrx_word' id='word_1_76' title='bbox 2553 1618 2773 1720; x_wconf 90' lang='lat' dir='ltr'><strong>paullo</strong></span> <span class='ocrx_word' id='word_1_77' title='bbox 2839 1635 3055 1698; x_wconf 91' lang='lat' dir='ltr'><strong>minus</strong></span> <span class='ocrx_word' id='word_1_78' title='bbox 3110 1657 3304 1720; x_wconf 90' lang='lat' dir='ltr'><strong>quam</strong></span> <span class='ocrx_word' id='word_1_79' title='bbox 3352 1634 3489 1698; x_wconf 85' lang='lat' dir='ltr'><strong>dia-</strong></span> 
     </span>
     <span class='ocr_line' id='line_1_11' title="bbox 923 1739 3492 1828; baseline -0 -23"><span class='ocrx_word' id='word_1_80' title='bbox 923 1751 1130 1806; x_wconf 91' lang='lat' dir='ltr'><strong>metro</strong></span> <span class='ocrx_word' id='word_1_81' title='bbox 1176 1742 1432 1821; x_wconf 85' lang='lat' dir='ltr'><strong>remoti;</strong></span> <span class='ocrx_word' id='word_1_82' title='bbox 1479 1739 1652 1805; x_wconf 90' lang='lat' dir='ltr'><strong>oculi</strong></span> <span class='ocrx_word' id='word_1_83' title='bbox 1701 1742 1900 1805; x_wconf 88' lang='lat' dir='ltr'><strong>antici</strong></span> <span class='ocrx_word' id='word_1_84' title='bbox 1950 1740 2149 1805; x_wconf 92' lang='lat' dir='ltr'><strong>medii</strong></span> <span class='ocrx_word' id='word_1_85' title='bbox 2196 1740 2512 1806; x_wconf 87' lang='lat' dir='ltr'><strong>diametro</strong></span> <span class='ocrx_word' id='word_1_86' title='bbox 2559 1751 2623 1805; x_wconf 92' lang='lat' dir='ltr'><strong>et</strong></span> <span class='ocrx_word' id='word_1_87' title='bbox 2670 1763 2874 1828; x_wconf 89' lang='lat' dir='ltr'><strong>aeque</strong></span> <span class='ocrx_word' id='word_1_88' title='bbox 2906 1752 3100 1828; x_wconf 86' lang='lat' dir='ltr'><strong>atque</strong></span> <span class='ocrx_word' id='word_1_89' title='bbox 3132 1740 3330 1805; x_wconf 92' lang='lat' dir='ltr'><strong>medii</strong></span> <span class='ocrx_word' id='word_1_90' title='bbox 3377 1765 3492 1828; x_wconf 92' lang='lat' dir='ltr'><strong>po-</strong></span> 
     </span>
     <span class='ocr_line' id='line_1_12' title="bbox 923 1846 3491 1935; baseline 0 -24"><span class='ocrx_word' id='word_1_91' title='bbox 923 1848 1071 1913; x_wconf 92' lang='lat' dir='ltr'><strong>stici</strong></span> <span class='ocrx_word' id='word_1_92' title='bbox 1116 1848 1287 1912; x_wconf 91' lang='lat' dir='ltr'><strong>inter</strong></span> <span class='ocrx_word' id='word_1_93' title='bbox 1332 1870 1402 1912; x_wconf 92' lang='lat' dir='ltr'><strong>se</strong></span> <span class='ocrx_word' id='word_1_94' title='bbox 1450 1846 1784 1932; x_wconf 89' lang='lat' dir='ltr'><strong>distantes,</strong></span> <span class='ocrx_word' id='word_1_95' title='bbox 1844 1870 1880 1911; x_wconf 83' lang='lat' dir='ltr'><strong>a</strong></span> <span class='ocrx_word' id='word_1_96' title='bbox 1932 1847 2310 1914; x_wconf 88' lang='lat' dir='ltr'><strong>lateralibus</strong></span> <span class='ocrx_word' id='word_1_97' title='bbox 2356 1870 2586 1935; x_wconf 89' lang='lat' dir='ltr'><strong>parum</strong></span> <span class='ocrx_word' id='word_1_98' title='bbox 2635 1849 2892 1931; x_wconf 82' lang='lat' dir='ltr'><strong>remoti3</strong></span> <span class='ocrx_word' id='word_1_99' title='bbox 2956 1870 3112 1913; x_wconf 85' lang='lat' dir='ltr'><strong>area</strong></span> <span class='ocrx_word' id='word_1_100' title='bbox 3154 1846 3491 1913; x_wconf 88' lang='lat' dir='ltr'><strong>oculorum</strong></span> 
     </span>
     <span class='ocr_line' id='line_1_13' title="bbox 923 1953 3486 2042; baseline 0 -23"><span class='ocrx_word' id='word_1_101' title='bbox 923 1954 1285 2020; x_wconf 91' lang='lat' dir='ltr'><strong>mediorum</strong></span> <span class='ocrx_word' id='word_1_102' title='bbox 1316 1953 1676 2042; x_wconf 88' lang='lat' dir='ltr'><strong>paullulum</strong></span> <span class='ocrx_word' id='word_1_103' title='bbox 1705 1954 1893 2020; x_wconf 88' lang='lat' dir='ltr'><strong>latior</strong></span> <span class='ocrx_word' id='word_1_104' title='bbox 1926 1965 2076 2019; x_wconf 88' lang='lat' dir='ltr'><strong>ante</strong></span> <span class='ocrx_word' id='word_1_105' title='bbox 2107 1977 2299 2041; x_wconf 84' lang='lat' dir='ltr'><strong>quam</strong></span> <span class='ocrx_word' id='word_1_106' title='bbox 2329 1978 2492 2041; x_wconf 88' lang='lat' dir='ltr'><strong>pone</strong></span> <span class='ocrx_word' id='word_1_107' title='bbox 2525 1968 2587 2019; x_wconf 92' lang='lat' dir='ltr'><strong>et</strong></span> <span class='ocrx_word' id='word_1_108' title='bbox 2618 1954 2985 2042; x_wconf 90' lang='lat' dir='ltr'><strong>paullulum</strong></span> <span class='ocrx_word' id='word_1_109' title='bbox 3010 1955 3275 2021; x_wconf 84' lang='lat' dir='ltr'><strong>brevior</strong></span> <span class='ocrx_word' id='word_1_110' title='bbox 3298 1979 3486 2042; x_wconf 89' lang='lat' dir='ltr'><strong>quam</strong></span> 
     </span>
     <span class='ocr_line' id='line_1_14' title="bbox 923 2061 3491 2150; baseline 0 -24"><span class='ocrx_word' id='word_1_111' title='bbox 923 2084 1089 2148; x_wconf 92' lang='lat' dir='ltr'><strong>pone</strong></span> <span class='ocrx_word' id='word_1_112' title='bbox 1152 2061 1363 2145; x_wconf 82' lang='lat' dir='ltr'><strong>latior3</strong></span> <span class='ocrx_word' id='word_1_113' title='bbox 1426 2073 1560 2126; x_wconf 90' lang='lat' dir='ltr'><strong>tota</strong></span> <span class='ocrx_word' id='word_1_114' title='bbox 1617 2084 1769 2126; x_wconf 88' lang='lat' dir='ltr'><strong>area</strong></span> <span class='ocrx_word' id='word_1_115' title='bbox 1828 2061 2163 2127; x_wconf 87' lang='lat' dir='ltr'><strong>oculorum</strong></span> <span class='ocrx_word' id='word_1_116' title='bbox 2235 2063 2310 2147; x_wconf 64' lang='lat' dir='ltr'><strong>ll„</strong></span> <span class='ocrx_word' id='word_1_117' title='bbox 2361 2062 2551 2128; x_wconf 90' lang='lat' dir='ltr'><strong>latior</strong></span> <span class='ocrx_word' id='word_1_118' title='bbox 2608 2085 2804 2149; x_wconf 88' lang='lat' dir='ltr'><strong>quam</strong></span> <span class='ocrx_word' id='word_1_119' title='bbox 2867 2062 3140 2147; x_wconf 85' lang='lat' dir='ltr'><strong>longior.</strong></span> <span class='ocrx_word' id='word_1_120' title='bbox 3201 2062 3491 2150; x_wconf 83' lang='lat' dir='ltr'><strong>Clypeus</strong></span> 
     </span>
     <span class='ocr_line' id='line_1_15' title="bbox 924 2167 3489 2255; baseline -0 -21"><span class='ocrx_word' id='word_1_121' title='bbox 924 2172 1076 2234; x_wconf 69' lang='lat' dir='ltr'><strong>area</strong></span> <span class='ocrx_word' id='word_1_122' title='bbox 1136 2167 1471 2234; x_wconf 89' lang='lat' dir='ltr'><strong>oculorum</strong></span> <span class='ocrx_word' id='word_1_123' title='bbox 1544 2170 1619 2254; x_wconf 58' lang='grc' dir='ltr'><strong>Ιχ,</strong></span> <span class='ocrx_word' id='word_1_124' title='bbox 1669 2169 1940 2255; x_wconf 84' lang='lat' dir='ltr'><strong>longior.</strong></span> <span class='ocrx_word' id='word_1_125' title='bbox 2017 2170 2422 2234; x_wconf 79' lang='lat' dir='ltr'><strong>Mandibulae</strong></span> <span class='ocrx_word' id='word_1_126' title='bbox 2481 2170 2629 2235; x_wconf 70' lang='lat'><strong>048</strong></span> <span class='ocrx_word' id='word_1_127' title='bbox 2696 2168 2946 2254; x_wconf 84' lang='lat' dir='ltr'><strong>longae,</strong></span> <span class='ocrx_word' id='word_1_128' title='bbox 3011 2169 3243 2235; x_wconf 88' lang='lat' dir='ltr'><strong>ambae</strong></span> <span class='ocrx_word' id='word_1_129' title='bbox 3298 2168 3489 2233; x_wconf 90' lang='lat' dir='ltr'><strong>simul</strong></span> 
     </span>
     <span class='ocr_line' id='line_1_16' title="bbox 925 2275 3491 2363; baseline 0 -22"><span class='ocrx_word' id='word_1_130' title='bbox 925 2287 1218 2363; x_wconf 87' lang='lat' dir='ltr'><strong>sumptae</strong></span> <span class='ocrx_word' id='word_1_131' title='bbox 1263 2277 1415 2342; x_wconf 78' lang='grc'>0-40</span> <span class='ocrx_word' id='word_1_132' title='bbox 1478 2275 1663 2361; x_wconf 87' lang='lat' dir='ltr'><strong>latae,</strong></span> <span class='ocrx_word' id='word_1_133' title='bbox 1724 2299 1764 2339; x_wconf 91' lang='lat' dir='ltr'><strong>a</strong></span> <span class='ocrx_word' id='word_1_134' title='bbox 1811 2275 1952 2340; x_wconf 90' lang='lat' dir='ltr'><strong>basi</strong></span> <span class='ocrx_word' id='word_1_135' title='bbox 1998 2277 2247 2361; x_wconf 90' lang='lat' dir='ltr'><strong>apicem</strong></span> <span class='ocrx_word' id='word_1_136' title='bbox 2312 2298 2539 2341; x_wconf 85' lang='lat' dir='ltr'><strong>versus</strong></span> <span class='ocrx_word' id='word_1_137' title='bbox 2600 2278 2810 2363; x_wconf 88' lang='lat' dir='ltr'><strong>primo</strong></span> <span class='ocrx_word' id='word_1_138' title='bbox 2871 2276 3107 2342; x_wconf 84' lang='lat' dir='ltr'><strong>leviter</strong></span> <span class='ocrx_word' id='word_1_139' title='bbox 3168 2275 3491 2351; x_wconf 71' lang='lat' dir='ltr'><strong>dilatatae,</strong></span> 
     </span>
     <span class='ocr_line' id='line_1_17' title="bbox 925 2381 3490 2469; baseline 0 -21"><span class='ocrx_word' id='word_1_140' title='bbox 925 2395 1063 2448; x_wconf 88' lang='lat' dir='ltr'><strong>tum</strong></span> <span class='ocrx_word' id='word_1_141' title='bbox 1110 2383 1368 2469; x_wconf 87' lang='lat' dir='ltr'><strong>longius</strong></span> <span class='ocrx_word' id='word_1_142' title='bbox 1416 2382 1651 2448; x_wconf 75' lang='lat' dir='ltr'><strong>leviter</strong></span> <span class='ocrx_word' id='word_1_143' title='bbox 1695 2394 2094 2468; x_wconf 87' lang='lat' dir='ltr'><strong>angustatae.</strong></span> <span class='ocrx_word' id='word_1_144' title='bbox 2156 2382 2447 2448; x_wconf 82' lang='lat' dir='ltr'><strong>Sternum</strong></span> <span class='ocrx_word' id='word_1_145' title='bbox 2495 2381 2695 2449; x_wconf 91' lang='lat' dir='ltr'><strong>dense</strong></span> <span class='ocrx_word' id='word_1_146' title='bbox 2743 2395 2842 2448; x_wconf 90' lang='lat' dir='ltr'><strong>sat</strong></span> <span class='ocrx_word' id='word_1_147' title='bbox 2890 2384 3144 2448; x_wconf 77' lang='lat' dir='ltr'><strong>fortiter</strong></span> <span class='ocrx_word' id='word_1_148' title='bbox 3189 2383 3490 2448; x_wconf 85' lang='lat' dir='ltr'><strong>reticula-</strong></span> 
     </span>
     <span class='ocr_line' id='line_1_18' title="bbox 925 2488 3488 2577; baseline -0.001 -21"><span class='ocrx_word' id='word_1_149' title='bbox 925 2503 1084 2575; x_wconf 89' lang='lat' dir='ltr'><strong>tum,</strong></span> <span class='ocrx_word' id='word_1_150' title='bbox 1114 2490 1534 2577; x_wconf 90' lang='lat' dir='ltr'><strong>subopacum.</strong></span> <span class='ocrx_word' id='word_1_151' title='bbox 1581 2491 1928 2577; x_wconf 78' lang='lat' dir='ltr'><strong>Palpo-rum</strong></span> <span class='ocrx_word' id='word_1_152' title='bbox 1958 2512 2110 2576; x_wconf 87' lang='lat' dir='ltr'><strong>pars</strong></span> <span class='ocrx_word' id='word_1_153' title='bbox 2141 2489 2473 2554; x_wconf 90' lang='lat' dir='ltr'><strong>femoralis</strong></span> <span class='ocrx_word' id='word_1_154' title='bbox 2505 2490 2674 2573; x_wconf 65' lang='lat'><strong>065,</strong></span> <span class='ocrx_word' id='word_1_155' title='bbox 2720 2488 3056 2576; x_wconf 88' lang='lat' dir='ltr'><strong>patellaris</strong></span> <span class='ocrx_word' id='word_1_156' title='bbox 3087 2492 3255 2559; x_wconf 59' lang='lat'><strong>026.</strong></span> <span class='ocrx_word' id='word_1_157' title='bbox 3302 2490 3488 2555; x_wconf 87' lang='lat' dir='ltr'><strong>tibia-</strong></span> 
     </span>
     <span class='ocr_line' id='line_1_19' title="bbox 925 2596 3491 2682; baseline 0.001 -22"><span class='ocrx_word' id='word_1_158' title='bbox 925 2596 1007 2661; x_wconf 88' lang='lat' dir='ltr'><strong>lis</strong></span> <span class='ocrx_word' id='word_1_159' title='bbox 1053 2598 1221 2681; x_wconf 66' lang='lat'><strong>039,</strong></span> <span class='ocrx_word' id='word_1_160' title='bbox 1282 2596 1538 2662; x_wconf 86' lang='lat' dir='ltr'><strong>tarsalis</strong></span> <span class='ocrx_word' id='word_1_161' title='bbox 1599 2598 1750 2663; x_wconf 69' lang='lat'><strong>053</strong></span> <span class='ocrx_word' id='word_1_162' title='bbox 1798 2597 2021 2681; x_wconf 83' lang='lat' dir='ltr'><strong>longa3</strong></span> <span class='ocrx_word' id='word_1_163' title='bbox 2082 2618 2233 2682; x_wconf 87' lang='lat' dir='ltr'><strong>pars</strong></span> <span class='ocrx_word' id='word_1_164' title='bbox 2294 2597 2623 2662; x_wconf 88' lang='lat' dir='ltr'><strong>femoralis</strong></span> <span class='ocrx_word' id='word_1_165' title='bbox 2686 2598 2750 2660; x_wconf 91' lang='lat' dir='ltr'><strong>in</strong></span> <span class='ocrx_word' id='word_1_166' title='bbox 2803 2597 3076 2661; x_wconf 83' lang='lat' dir='ltr'><strong>dimidio</strong></span> <span class='ocrx_word' id='word_1_167' title='bbox 3139 2596 3348 2662; x_wconf 85' lang='lat' dir='ltr'><strong>basali</strong></span> <span class='ocrx_word' id='word_1_168' title='bbox 3396 2609 3491 2662; x_wconf 82' lang='lat' dir='ltr'><strong>sat</strong></span> 
     </span>
     <span class='ocr_line' id='line_1_20' title="bbox 926 2703 3490 2791; baseline 0 -23"><span class='ocrx_word' id='word_1_169' title='bbox 926 2704 1179 2770; x_wconf 87' lang='lat' dir='ltr'><strong>fortiter</strong></span> <span class='ocrx_word' id='word_1_170' title='bbox 1226 2727 1612 2790; x_wconf 89' lang='lat' dir='ltr'><strong>compressa,</strong></span> <span class='ocrx_word' id='word_1_171' title='bbox 1660 2705 1730 2768; x_wconf 93' lang='lat' dir='ltr'><strong>in</strong></span> <span class='ocrx_word' id='word_1_172' title='bbox 1764 2704 2001 2790; x_wconf 87' lang='lat' dir='ltr'><strong>apicali</strong></span> <span class='ocrx_word' id='word_1_173' title='bbox 2051 2705 2391 2790; x_wconf 87' lang='lat' dir='ltr'><strong>insigniter</strong></span> <span class='ocrx_word' id='word_1_174' title='bbox 2437 2703 2708 2769; x_wconf 87' lang='lat' dir='ltr'><strong>dilatata</strong></span> <span class='ocrx_word' id='word_1_175' title='bbox 2758 2705 2935 2768; x_wconf 88' lang='lat' dir='ltr'><strong>intus</strong></span> <span class='ocrx_word' id='word_1_176' title='bbox 2981 2715 3045 2768; x_wconf 88' lang='lat' dir='ltr'><strong>et</strong></span> <span class='ocrx_word' id='word_1_177' title='bbox 3091 2704 3334 2787; x_wconf 88' lang='lat' dir='ltr'><strong>subter,</strong></span> <span class='ocrx_word' id='word_1_178' title='bbox 3382 2727 3490 2791; x_wconf 87' lang='lat' dir='ltr'><strong>pa-</strong></span> 
     </span>
     <span class='ocr_line' id='line_1_21' title="bbox 927 2810 3489 2898; baseline -0.001 -22"><span class='ocrx_word' id='word_1_179' title='bbox 927 2811 1176 2877; x_wconf 89' lang='lat' dir='ltr'><strong>tellaris</strong></span> <span class='ocrx_word' id='word_1_180' title='bbox 1237 2810 1517 2898; x_wconf 90' lang='lat' dir='ltr'><strong>desuper</strong></span> <span class='ocrx_word' id='word_1_181' title='bbox 1579 2812 1723 2877; x_wconf 86' lang='lat' dir='ltr'><strong>visa</strong></span> <span class='ocrx_word' id='word_1_182' title='bbox 1783 2811 2056 2875; x_wconf 90' lang='lat' dir='ltr'><strong>dimidio</strong></span> <span class='ocrx_word' id='word_1_183' title='bbox 2117 2811 2371 2897; x_wconf 87' lang='lat' dir='ltr'><strong>longior</strong></span> <span class='ocrx_word' id='word_1_184' title='bbox 2431 2833 2622 2897; x_wconf 90' lang='lat' dir='ltr'><strong>quam</strong></span> <span class='ocrx_word' id='word_1_185' title='bbox 2688 2811 2898 2895; x_wconf 89' lang='lat' dir='ltr'><strong>latior,</strong></span> <span class='ocrx_word' id='word_1_186' title='bbox 2962 2814 3215 2897; x_wconf 87' lang='lat' dir='ltr'><strong>apicem</strong></span> <span class='ocrx_word' id='word_1_187' title='bbox 3263 2833 3489 2876; x_wconf 85' lang='lat' dir='ltr'><strong>versus</strong></span> 
     </span>
     <span class='ocr_line' id='line_1_22' title="bbox 928 2916 3486 3006; baseline -0.002 -22"><span class='ocrx_word' id='word_1_188' title='bbox 928 2916 1218 3006; x_wconf 89' lang='lat' dir='ltr'><strong>paullulo</strong></span> <span class='ocrx_word' id='word_1_189' title='bbox 1265 2917 1551 3003; x_wconf 87' lang='lat' dir='ltr'><strong>dilatata,</strong></span> <span class='ocrx_word' id='word_1_190' title='bbox 1612 2941 1765 3006; x_wconf 90' lang='lat' dir='ltr'><strong>pars</strong></span> <span class='ocrx_word' id='word_1_191' title='bbox 1812 2917 2057 2983; x_wconf 90' lang='lat' dir='ltr'><strong>tibialis</strong></span> <span class='ocrx_word' id='word_1_192' title='bbox 2105 2919 2246 2985; x_wconf 88' lang='lat' dir='ltr'><strong>basi</strong></span> <span class='ocrx_word' id='word_1_193' title='bbox 2308 2918 2580 2983; x_wconf 89' lang='lat' dir='ltr'><strong>dimidio</strong></span> <span class='ocrx_word' id='word_1_194' title='bbox 2640 2920 2979 3004; x_wconf 90' lang='lat' dir='ltr'><strong>angustior</strong></span> <span class='ocrx_word' id='word_1_195' title='bbox 3034 2941 3226 3006; x_wconf 88' lang='lat' dir='ltr'><strong>quam</strong></span> <span class='ocrx_word' id='word_1_196' title='bbox 3290 2917 3486 3005; x_wconf 85' lang='lat' dir='ltr'><strong>patel-</strong></span> 
     </span>
     <span class='ocr_line' id='line_1_23' title="bbox 926 3024 3491 3113; baseline -0 -22"><span class='ocrx_word' id='word_1_197' title='bbox 926 3026 1104 3109; x_wconf 88' lang='lat' dir='ltr'><strong>laris,</strong></span> <span class='ocrx_word' id='word_1_198' title='bbox 1151 3028 1334 3111; x_wconf 88' lang='lat' dir='ltr'><strong>apice</strong></span> <span class='ocrx_word' id='word_1_199' title='bbox 1381 3049 1585 3112; x_wconf 87' lang='lat' dir='ltr'><strong>aeque</strong></span> <span class='ocrx_word' id='word_1_200' title='bbox 1631 3037 1824 3113; x_wconf 89' lang='lat' dir='ltr'><strong>atque</strong></span> <span class='ocrx_word' id='word_1_201' title='bbox 1857 3026 2114 3109; x_wconf 88' lang='lat' dir='ltr'><strong>calata,</strong></span> <span class='ocrx_word' id='word_1_202' title='bbox 2162 3050 2201 3090; x_wconf 90' lang='lat' dir='ltr'><strong>a</strong></span> <span class='ocrx_word' id='word_1_203' title='bbox 2234 3025 2371 3090; x_wconf 87' lang='lat' dir='ltr'><strong>basi</strong></span> <span class='ocrx_word' id='word_1_204' title='bbox 2422 3049 2623 3113; x_wconf 89' lang='lat' dir='ltr'><strong>usque</strong></span> <span class='ocrx_word' id='word_1_205' title='bbox 2655 3025 2738 3090; x_wconf 86' lang='lat' dir='ltr'><strong>ad</strong></span> <span class='ocrx_word' id='word_1_206' title='bbox 2755 3027 3022 3112; x_wconf 78' lang='lat' dir='ltr'><strong>‚apicem</strong></span> <span class='ocrx_word' id='word_1_207' title='bbox 3068 3024 3491 3112; x_wconf 86' lang='lat' dir='ltr'><strong>aequabiliter</strong></span> 
     </span>
     <span class='ocr_line' id='line_1_24' title="bbox 930 3132 3488 3220; baseline -0.001 -22"><span class='ocrx_word' id='word_1_208' title='bbox 930 3132 1200 3198; x_wconf 82' lang='lat' dir='ltr'><strong>dilatata</strong></span> <span class='ocrx_word' id='word_1_209' title='bbox 1243 3143 1309 3197; x_wconf 90' lang='lat' dir='ltr'><strong>et</strong></span> <span class='ocrx_word' id='word_1_210' title='bbox 1363 3134 1740 3217; x_wconf 83' lang='lat' dir='ltr'><strong>incrassata,</strong></span> <span class='ocrx_word' id='word_1_211' title='bbox 1787 3133 2029 3218; x_wconf 89' lang='lat' dir='ltr'><strong>angulo</strong></span> <span class='ocrx_word' id='word_1_212' title='bbox 2076 3132 2308 3220; x_wconf 85' lang='lat' dir='ltr'><strong>apieali</strong></span> <span class='ocrx_word' id='word_1_213' title='bbox 2359 3134 2678 3198; x_wconf 82' lang='lat' dir='ltr'><strong>exteriore</strong></span> <span class='ocrx_word' id='word_1_214' title='bbox 2725 3132 3036 3198; x_wconf 88' lang='lat' dir='ltr'><strong>inferiore</strong></span> <span class='ocrx_word' id='word_1_215' title='bbox 3084 3132 3302 3219; x_wconf 89' lang='lat' dir='ltr'><strong>paullo</strong></span> <span class='ocrx_word' id='word_1_216' title='bbox 3349 3156 3488 3219; x_wconf 88' lang='lat' dir='ltr'><strong>pro-</strong></span> 
     </span>
     <span class='ocr_line' id='line_1_25' title="bbox 930 3239 3490 3327; baseline 0 -23"><span class='ocrx_word' id='word_1_217' title='bbox 930 3241 1221 3325; x_wconf 87' lang='lat' dir='ltr'><strong>minenti,</strong></span> <span class='ocrx_word' id='word_1_218' title='bbox 1269 3240 1382 3305; x_wconf 92' lang='lat' dir='ltr'><strong>sed</strong></span> <span class='ocrx_word' id='word_1_219' title='bbox 1431 3242 1752 3305; x_wconf 87' lang='lat' dir='ltr'><strong>anteriora</strong></span> <span class='ocrx_word' id='word_1_220' title='bbox 1801 3262 2032 3305; x_wconf 84' lang='lat' dir='ltr'><strong>versus</strong></span> <span class='ocrx_word' id='word_1_221' title='bbox 2079 3263 2208 3305; x_wconf 90' lang='lat' dir='ltr'><strong>non</strong></span> <span class='ocrx_word' id='word_1_222' title='bbox 2240 3239 2579 3327; x_wconf 83' lang='lat' dir='ltr'><strong>producto3</strong></span> <span class='ocrx_word' id='word_1_223' title='bbox 2628 3263 2778 3327; x_wconf 90' lang='lat' dir='ltr'><strong>pars</strong></span> <span class='ocrx_word' id='word_1_224' title='bbox 2826 3239 3083 3304; x_wconf 87' lang='lat' dir='ltr'><strong>tarsalis</strong></span> <span class='ocrx_word' id='word_1_225' title='bbox 3131 3242 3316 3327; x_wconf 88' lang='lat' dir='ltr'><strong>apice</strong></span> <span class='ocrx_word' id='word_1_226' title='bbox 3348 3264 3490 3326; x_wconf 87' lang='lat' dir='ltr'><strong>par-</strong></span> 
     </span>
     <span class='ocr_line' id='line_1_26' title="bbox 928 3346 3490 3435; baseline -0 -22"><span class='ocrx_word' id='word_1_227' title='bbox 928 3350 1012 3413; x_wconf 86' lang='lat' dir='ltr'><strong>tis</strong></span> <span class='ocrx_word' id='word_1_228' title='bbox 1057 3347 1303 3413; x_wconf 88' lang='lat' dir='ltr'><strong>tibialis</strong></span> <span class='ocrx_word' id='word_1_229' title='bbox 1347 3346 1640 3434; x_wconf 89' lang='lat' dir='ltr'><strong>paullulo</strong></span> <span class='ocrx_word' id='word_1_230' title='bbox 1688 3346 1877 3411; x_wconf 91' lang='lat' dir='ltr'><strong>modo</strong></span> <span class='ocrx_word' id='word_1_231' title='bbox 1923 3349 2193 3432; x_wconf 76' lang='lat' dir='ltr'><strong>tenuior,</strong></span> <span class='ocrx_word' id='word_1_232' title='bbox 2240 3371 2437 3435; x_wconf 89' lang='lat' dir='ltr'><strong>quum</strong></span> <span class='ocrx_word' id='word_1_233' title='bbox 2487 3348 2766 3433; x_wconf 86' lang='lat' dir='ltr'><strong>desuper</strong></span> <span class='ocrx_word' id='word_1_234' title='bbox 2811 3346 3188 3434; x_wconf 65' lang='lat' dir='ltr'><strong>adspicitur.</strong></span> <span class='ocrx_word' id='word_1_235' title='bbox 3235 3369 3275 3411; x_wconf 89' lang='lat' dir='ltr'><strong>a</strong></span> <span class='ocrx_word' id='word_1_236' title='bbox 3313 3358 3490 3433; x_wconf 85' lang='lat' dir='ltr'><strong>parte</strong></span> 
     </span>
     <span class='ocr_line' id='line_1_27' title="bbox 931 3454 3488 3540; baseline 0 -22"><span class='ocrx_word' id='word_1_237' title='bbox 931 3457 1260 3540; x_wconf 88' lang='lat' dir='ltr'><strong>superiore</strong></span> <span class='ocrx_word' id='word_1_238' title='bbox 1307 3456 1629 3520; x_wconf 87' lang='lat' dir='ltr'><strong>exteriore</strong></span> <span class='ocrx_word' id='word_1_239' title='bbox 1691 3477 1847 3520; x_wconf 82' lang='lat' dir='ltr'><strong>vero</strong></span> <span class='ocrx_word' id='word_1_240' title='bbox 1896 3455 2041 3519; x_wconf 89' lang='lat' dir='ltr'><strong>visa</strong></span> <span class='ocrx_word' id='word_1_241' title='bbox 2086 3478 2161 3519; x_wconf 91' lang='lat' dir='ltr'><strong>eo</strong></span> <span class='ocrx_word' id='word_1_242' title='bbox 2206 3454 2478 3520; x_wconf 82' lang='lat' dir='ltr'><strong>dimidio</strong></span> <span class='ocrx_word' id='word_1_243' title='bbox 2541 3455 2893 3540; x_wconf 88' lang='lat' dir='ltr'><strong>angustior,</strong></span> <span class='ocrx_word' id='word_1_244' title='bbox 2939 3455 3197 3519; x_wconf 80' lang='lat' dir='ltr'><strong>conica.</strong></span> <span class='ocrx_word' id='word_1_245' title='bbox 3264 3455 3488 3519; x_wconf 79' lang='lat' dir='ltr'><strong>Pedum</strong></span> 
     </span>
     <span class='ocr_line' id='line_1_28' title="bbox 931 3561 3489 3648; baseline -0.001 -21"><span class='ocrx_word' id='word_1_246' title='bbox 931 3564 965 3627; x_wconf 97' lang='lat' dir='ltr'>I</span> <span class='ocrx_word' id='word_1_247' title='bbox 1011 3563 1226 3627; x_wconf 86' lang='lat' dir='ltr'><strong>femur</strong></span> <span class='ocrx_word' id='word_1_248' title='bbox 1273 3563 1392 3646; x_wconf 84' lang='lat'><strong>8·0‚</strong></span> <span class='ocrx_word' id='word_1_249' title='bbox 1456 3561 1690 3648; x_wconf 89' lang='lat' dir='ltr'><strong>patella</strong></span> <span class='ocrx_word' id='word_1_250' title='bbox 1736 3563 1859 3645; x_wconf 62' lang='grc' dir='ltr'><strong>Οὐ,</strong></span> <span class='ocrx_word' id='word_1_251' title='bbox 1905 3563 2068 3628; x_wconf 90' lang='lat' dir='ltr'><strong>tibia</strong></span> <span class='ocrx_word' id='word_1_252' title='bbox 2113 3564 2235 3646; x_wconf 58' lang='lat'><strong>59,</strong></span> <span class='ocrx_word' id='word_1_253' title='bbox 2298 3573 2682 3627; x_wconf 87' lang='lat' dir='ltr'><strong>metatarsus</strong></span> <span class='ocrx_word' id='word_1_254' title='bbox 2728 3563 2849 3645; x_wconf 58' lang='lat'><strong>32,</strong></span> <span class='ocrx_word' id='word_1_255' title='bbox 2912 3572 3128 3626; x_wconf 88' lang='lat' dir='ltr'><strong>tarsus</strong></span> <span class='ocrx_word' id='word_1_256' title='bbox 3144 3561 3194 3645; x_wconf 68' lang='lat' dir='ltr'><strong>P,</strong></span> <span class='ocrx_word' id='word_1_257' title='bbox 3256 3561 3489 3648; x_wconf 87' lang='lat' dir='ltr'><strong>pedum</strong></span> 
     </span>
     <span class='ocr_line' id='line_1_29' title="bbox 931 3668 3490 3756; baseline -0.001 -22"><span class='ocrx_word' id='word_1_258' title='bbox 931 3670 1002 3734; x_wconf 96' lang='lat' dir='ltr'><strong>II</strong></span> <span class='ocrx_word' id='word_1_259' title='bbox 1048 3681 1286 3756; x_wconf 88' lang='lat' dir='ltr'><strong>partes:</strong></span> <span class='ocrx_word' id='word_1_260' title='bbox 1334 3672 1458 3753; x_wconf 77' lang='lat'><strong>4·1,</strong></span> <span class='ocrx_word' id='word_1_261' title='bbox 1503 3671 1629 3754; x_wconf 60' lang='grc' dir='ltr'><strong>Οὐ,</strong></span> <span class='ocrx_word' id='word_1_262' title='bbox 1675 3671 1797 3753; x_wconf 82' lang='grc'>3·3,</span> <span class='ocrx_word' id='word_1_263' title='bbox 1846 3669 2036 3754; x_wconf 80' lang='lat'><strong>2·3,?‚</strong></span> <span class='ocrx_word' id='word_1_264' title='bbox 2082 3668 2320 3755; x_wconf 90' lang='lat' dir='ltr'><strong>pedum</strong></span> <span class='ocrx_word' id='word_1_265' title='bbox 2369 3669 2500 3734; x_wconf 85' lang='lat' dir='ltr'>III:</span> <span class='ocrx_word' id='word_1_266' title='bbox 2571 3672 2685 3751; x_wconf 70' lang='lat'>1·9‚</span> <span class='ocrx_word' id='word_1_267' title='bbox 2732 3672 2855 3754; x_wconf 84' lang='lat' dir='ltr'><strong>o·4‚</strong></span> <span class='ocrx_word' id='word_1_268' title='bbox 2909 3671 3025 3751; x_wconf 81' lang='lat'>1·3‚</span> <span class='ocrx_word' id='word_1_269' title='bbox 3079 3669 3306 3753; x_wconf 74' lang='lat'>1·05‚?‚</span> <span class='ocrx_word' id='word_1_270' title='bbox 3369 3668 3490 3733; x_wconf 88' lang='lat' dir='ltr'><strong>IV:</strong></span> 
     </span>
     <span class='ocr_line' id='line_1_30' title="bbox 931 3775 3491 3861; baseline -0.001 -18"><span class='ocrx_word' id='word_1_271' title='bbox 931 3777 1053 3861; x_wconf 63' lang='lat'><strong>58,</strong></span> <span class='ocrx_word' id='word_1_272' title='bbox 1097 3778 1220 3859; x_wconf 61' lang='grc' dir='ltr'><strong>Οὔ,</strong></span> <span class='ocrx_word' id='word_1_273' title='bbox 1269 3778 1390 3859; x_wconf 85' lang='grc'>3·7,</span> <span class='ocrx_word' id='word_1_274' title='bbox 1436 3776 1607 3860; x_wconf 74' lang='grc' dir='ltr'>2·2,“Ρ</span> <span class='ocrx_word' id='word_1_275' title='bbox 1654 3798 1788 3839; x_wconf 90' lang='lat' dir='ltr'><strong>mm</strong></span> <span class='ocrx_word' id='word_1_276' title='bbox 1835 3776 2084 3861; x_wconf 87' lang='lat' dir='ltr'><strong>longae.</strong></span> <span class='ocrx_word' id='word_1_277' title='bbox 2147 3777 2464 3842; x_wconf 78' lang='lat' dir='ltr'><strong>Abdomen</strong></span> <span class='ocrx_word' id='word_1_278' title='bbox 2510 3778 2639 3861; x_wconf 87' lang='lat' dir='ltr'><strong>(fig.</strong></span> <span class='ocrx_word' id='word_1_279' title='bbox 2689 3778 2753 3858; x_wconf 77' lang='lat'><strong>2)</strong></span> <span class='ocrx_word' id='word_1_280' title='bbox 2816 3788 2988 3840; x_wconf 83' lang='lat' dir='ltr'><strong>ret-ro</strong></span> <span class='ocrx_word' id='word_1_281' title='bbox 3051 3798 3306 3839; x_wconf 90' lang='lat' dir='ltr'><strong>sursum</strong></span> <span class='ocrx_word' id='word_1_282' title='bbox 3357 3775 3491 3840; x_wconf 89' lang='lat' dir='ltr'><strong>lon-</strong></span> 
     </span>
     <span class='ocr_line' id='line_1_31' title="bbox 930 3882 3489 3970; baseline -0 -24"><span class='ocrx_word' id='word_1_283' title='bbox 930 3885 1198 3970; x_wconf 86' lang='lat' dir='ltr'><strong>gissime</strong></span> <span class='ocrx_word' id='word_1_284' title='bbox 1247 3883 1633 3970; x_wconf 90' lang='lat' dir='ltr'><strong>productum</strong></span> <span class='ocrx_word' id='word_1_285' title='bbox 1697 3885 1766 3948; x_wconf 91' lang='lat' dir='ltr'><strong>in</strong></span> <span class='ocrx_word' id='word_1_286' title='bbox 1816 3905 2052 3949; x_wconf 88' lang='lat' dir='ltr'><strong>conum</strong></span> <span class='ocrx_word' id='word_1_287' title='bbox 2098 3884 2298 3947; x_wconf 88' lang='lat' dir='ltr'><strong>octies</strong></span> <span class='ocrx_word' id='word_1_288' title='bbox 2360 3884 2498 3948; x_wconf 88' lang='lat' dir='ltr'><strong>fere</strong></span> <span class='ocrx_word' id='word_1_289' title='bbox 2543 3882 2904 3969; x_wconf 88' lang='lat' dir='ltr'><strong>longiorem</strong></span> <span class='ocrx_word' id='word_1_290' title='bbox 2958 3905 3154 3970; x_wconf 90' lang='lat' dir='ltr'><strong>quam</strong></span> <span class='ocrx_word' id='word_1_291' title='bbox 3198 3882 3489 3948; x_wconf 89' lang='lat' dir='ltr'><strong>latiorem</strong></span> 
     </span>
     <span class='ocr_line' id='line_1_32' title="bbox 933 3989 3491 4078; baseline -0.001 -23"><span class='ocrx_word' id='word_1_292' title='bbox 933 3990 1099 4071; x_wconf 83' lang='lat' dir='ltr'><strong>basi3</strong></span> <span class='ocrx_word' id='word_1_293' title='bbox 1149 3989 1475 4054; x_wconf 88' lang='lat' dir='ltr'><strong>mamillae</strong></span> <span class='ocrx_word' id='word_1_294' title='bbox 1537 3991 1618 4056; x_wconf 91' lang='lat' dir='ltr'><strong>ab</strong></span> <span class='ocrx_word' id='word_1_295' title='bbox 1664 3992 1849 4078; x_wconf 87' lang='lat' dir='ltr'><strong>apice</strong></span> <span class='ocrx_word' id='word_1_296' title='bbox 1911 3991 2058 4054; x_wconf 91' lang='lat' dir='ltr'><strong>coni</strong></span> <span class='ocrx_word' id='word_1_297' title='bbox 2106 3991 2318 4054; x_wconf 83' lang='lat' dir='ltr'><strong>sexies</strong></span> <span class='ocrx_word' id='word_1_298' title='bbox 2384 3989 2614 4055; x_wconf 88' lang='lat' dir='ltr'><strong>saltem</strong></span> <span class='ocrx_word' id='word_1_299' title='bbox 2674 3990 2932 4073; x_wconf 89' lang='lat' dir='ltr'><strong>longius</strong></span> <span class='ocrx_word' id='word_1_300' title='bbox 2995 3989 3239 4054; x_wconf 88' lang='lat' dir='ltr'><strong>distant</strong></span> <span class='ocrx_word' id='word_1_301' title='bbox 3299 4011 3491 4076; x_wconf 88' lang='lat' dir='ltr'><strong>quam</strong></span> 
     </span>
     <span class='ocr_line' id='line_1_33' title="bbox 933 4095 3489 4184; baseline -0.001 -22"><span class='ocrx_word' id='word_1_302' title='bbox 933 4121 970 4162; x_wconf 89' lang='lat' dir='ltr'><strong>a</strong></span> <span class='ocrx_word' id='word_1_303' title='bbox 1001 4097 1143 4162; x_wconf 90' lang='lat' dir='ltr'><strong>basi</strong></span> <span class='ocrx_word' id='word_1_304' title='bbox 1176 4097 1558 4161; x_wconf 90' lang='lat' dir='ltr'><strong>abdominis.</strong></span> <span class='ocrx_word' id='word_1_305' title='bbox 1606 4098 1665 4161; x_wconf 81' lang='lat' dir='ltr'>A</span> <span class='ocrx_word' id='word_1_306' title='bbox 1696 4110 1880 4184; x_wconf 90' lang='lat' dir='ltr'><strong>parte</strong></span> <span class='ocrx_word' id='word_1_307' title='bbox 1917 4099 2134 4162; x_wconf 69' lang='lat' dir='ltr'><strong>antica</strong></span> <span class='ocrx_word' id='word_1_308' title='bbox 2180 4098 2512 4183; x_wconf 90' lang='lat' dir='ltr'><strong>superiore</strong></span> <span class='ocrx_word' id='word_1_309' title='bbox 2558 4098 2776 4161; x_wconf 84' lang='lat' dir='ltr'><strong>visum</strong></span> <span class='ocrx_word' id='word_1_310' title='bbox 2809 4095 3132 4161; x_wconf 88' lang='lat' dir='ltr'><strong>abdomen</strong></span> <span class='ocrx_word' id='word_1_311' title='bbox 3164 4096 3489 4182; x_wconf 87' lang='lat' dir='ltr'><strong>elongato-</strong></span> 
     </span>
     <span class='ocr_line' id='line_1_34' title="bbox 935 4203 3492 4290; baseline -0 -23"><span class='ocrx_word' id='word_1_312' title='bbox 935 4203 1366 4269; x_wconf 89' lang='lat' dir='ltr'><strong>lanceolatum</strong></span> <span class='ocrx_word' id='word_1_313' title='bbox 1427 4217 1541 4289; x_wconf 90' lang='lat' dir='ltr'><strong>est,</strong></span> <span class='ocrx_word' id='word_1_314' title='bbox 1611 4207 1691 4269; x_wconf 88' lang='grc'><strong>14</strong></span> <span class='ocrx_word' id='word_1_315' title='bbox 1737 4227 1870 4268; x_wconf 88' lang='lat' dir='ltr'><strong>mm</strong></span> <span class='ocrx_word' id='word_1_316' title='bbox 1934 4203 2218 4288; x_wconf 89' lang='lat' dir='ltr'><strong>longum,</strong></span> <span class='ocrx_word' id='word_1_317' title='bbox 2277 4205 2348 4268; x_wconf 93' lang='lat' dir='ltr'><strong>in</strong></span> <span class='ocrx_word' id='word_1_318' title='bbox 2411 4215 2593 4290; x_wconf 91' lang='lat' dir='ltr'><strong>parte</strong></span> <span class='ocrx_word' id='word_1_319' title='bbox 2657 4204 2889 4289; x_wconf 69' lang='lat' dir='ltr'><strong>antica,</strong></span> <span class='ocrx_word' id='word_1_320' title='bbox 2956 4205 3051 4267; x_wconf 81' lang='lat'><strong>1·7</strong></span> <span class='ocrx_word' id='word_1_321' title='bbox 3103 4226 3238 4267; x_wconf 91' lang='lat' dir='ltr'><strong>mm</strong></span> <span class='ocrx_word' id='word_1_322' title='bbox 3285 4203 3492 4288; x_wconf 74' lang='lat' dir='ltr'><strong>longa,</strong></span> 
     </span>
     <span class='ocr_line' id='line_1_35' title="bbox 935 4311 3492 4397; baseline -0 -21"><span class='ocrx_word' id='word_1_323' title='bbox 935 4312 1259 4377; x_wconf 89' lang='lat' dir='ltr'><strong>anteriora</strong></span> <span class='ocrx_word' id='word_1_324' title='bbox 1304 4334 1534 4376; x_wconf 84' lang='lat' dir='ltr'><strong>versus</strong></span> <span class='ocrx_word' id='word_1_325' title='bbox 1581 4311 1835 4376; x_wconf 88' lang='lat' dir='ltr'><strong>modice</strong></span> <span class='ocrx_word' id='word_1_326' title='bbox 1880 4322 2315 4397; x_wconf 86' lang='lat' dir='ltr'><strong>angustatum,</strong></span> <span class='ocrx_word' id='word_1_327' title='bbox 2365 4311 2659 4397; x_wconf 88' lang='lat' dir='ltr'><strong>margine</strong></span> <span class='ocrx_word' id='word_1_328' title='bbox 2704 4311 2927 4376; x_wconf 88' lang='lat' dir='ltr'><strong>antico</strong></span> <span class='ocrx_word' id='word_1_329' title='bbox 2975 4322 3149 4376; x_wconf 89' lang='lat' dir='ltr'><strong>recte</strong></span> <span class='ocrx_word' id='word_1_330' title='bbox 3179 4322 3492 4391; x_wconf 84' lang='lat' dir='ltr'><strong>truncate,</strong></span> 
     </span>
     <span class='ocr_line' id='line_1_36' title="bbox 935 4417 3495 4505; baseline -0.001 -21"><span class='ocrx_word' id='word_1_331' title='bbox 935 4420 1035 4484; x_wconf 81' lang='lat'><strong>0·7</strong></span> <span class='ocrx_word' id='word_1_332' title='bbox 1087 4417 1298 4504; x_wconf 89' lang='lat' dir='ltr'><strong>long0,</strong></span> <span class='ocrx_word' id='word_1_333' title='bbox 1358 4420 1425 4482; x_wconf 91' lang='lat' dir='ltr'><strong>in</strong></span> <span class='ocrx_word' id='word_1_334' title='bbox 1476 4430 1656 4504; x_wconf 89' lang='lat' dir='ltr'><strong>parte</strong></span> <span class='ocrx_word' id='word_1_335' title='bbox 1719 4418 2038 4482; x_wconf 70' lang='lat' dir='ltr'><strong>latissima</strong></span> <span class='ocrx_word' id='word_1_336' title='bbox 2099 4420 2244 4484; x_wconf 57' lang='lat'><strong>155</strong></span> <span class='ocrx_word' id='word_1_337' title='bbox 2289 4418 2512 4503; x_wconf 85' lang='lat' dir='ltr'><strong>latum,</strong></span> <span class='ocrx_word' id='word_1_338' title='bbox 2574 4442 2613 4483; x_wconf 91' lang='lat' dir='ltr'><strong>a</strong></span> <span class='ocrx_word' id='word_1_339' title='bbox 2659 4429 2843 4505; x_wconf 87' lang='lat' dir='ltr'><strong>parte</strong></span> <span class='ocrx_word' id='word_1_340' title='bbox 2905 4417 3029 4484; x_wconf 86' lang='lat' dir='ltr'><strong>hac</strong></span> <span class='ocrx_word' id='word_1_341' title='bbox 3075 4417 3495 4504; x_wconf 85' lang='lat' dir='ltr'><strong>aequabiliter</strong></span> 
     </span>
     <span class='ocr_line' id='line_1_37' title="bbox 936 4524 3491 4612; baseline -0.001 -21"><span class='ocrx_word' id='word_1_342' title='bbox 936 4536 1353 4611; x_wconf 89' lang='lat' dir='ltr'><strong>angustatum</strong></span> <span class='ocrx_word' id='word_1_343' title='bbox 1402 4548 1605 4612; x_wconf 91' lang='lat' dir='ltr'><strong>usque</strong></span> <span class='ocrx_word' id='word_1_344' title='bbox 1653 4525 1735 4589; x_wconf 89' lang='lat' dir='ltr'><strong>ad</strong></span> <span class='ocrx_word' id='word_1_345' title='bbox 1782 4528 1997 4611; x_wconf 91' lang='lat' dir='ltr'><strong>ipsum</strong></span> <span class='ocrx_word' id='word_1_346' title='bbox 2045 4528 2315 4612; x_wconf 87' lang='lat' dir='ltr'><strong>apicem,</strong></span> <span class='ocrx_word' id='word_1_347' title='bbox 2384 4527 2494 4612; x_wconf 91' lang='lat' dir='ltr'><strong>qui</strong></span> <span class='ocrx_word' id='word_1_348' title='bbox 2543 4537 2772 4590; x_wconf 91' lang='lat' dir='ltr'><strong>acutus</strong></span> <span class='ocrx_word' id='word_1_349' title='bbox 2818 4537 2933 4590; x_wconf 92' lang='lat' dir='ltr'><strong>est.</strong></span> <span class='ocrx_word' id='word_1_350' title='bbox 3025 4527 3085 4590; x_wconf 90' lang='lat' dir='ltr'>A</span> <span class='ocrx_word' id='word_1_351' title='bbox 3132 4524 3335 4590; x_wconf 90' lang='lat' dir='ltr'><strong>latere</strong></span> <span class='ocrx_word' id='word_1_352' title='bbox 3383 4525 3491 4589; x_wconf 87' lang='lat' dir='ltr'><strong>ad-</strong></span> 
     </span>
     <span class='ocr_line' id='line_1_38' title="bbox 937 4630 3495 4722; baseline -0 -24"><span class='ocrx_word' id='word_1_353' title='bbox 937 4645 1229 4722; x_wconf 91' lang='lat' dir='ltr'><strong>spectum</strong></span> <span class='ocrx_word' id='word_1_354' title='bbox 1277 4632 1600 4697; x_wconf 89' lang='lat' dir='ltr'><strong>abdomen</strong></span> <span class='ocrx_word' id='word_1_355' title='bbox 1632 4632 2149 4719; x_wconf 87' lang='lat' dir='ltr'><strong>quadrilaterum</strong></span> <span class='ocrx_word' id='word_1_356' title='bbox 2180 4632 2493 4698; x_wconf 89' lang='lat' dir='ltr'><strong>lateribus</strong></span> <span class='ocrx_word' id='word_1_357' title='bbox 2532 4632 2727 4698; x_wconf 85' lang='lat' dir='ltr'><strong>valde</strong></span> <span class='ocrx_word' id='word_1_358' title='bbox 2757 4630 3234 4719; x_wconf 84' lang='lat' dir='ltr'><strong>inaequalibus:</strong></span> <span class='ocrx_word' id='word_1_359' title='bbox 3283 4632 3495 4697; x_wconf 89' lang='lat' dir='ltr'><strong>antico</strong></span> 
     </span>
     <span class='ocr_line' id='line_1_39' title="bbox 938 4740 3493 4826; baseline -0.001 -21"><span class='ocrx_word' id='word_1_360' title='bbox 938 4742 1204 4826; x_wconf 87' lang='lat' dir='ltr'><strong>(pariete</strong></span> <span class='ocrx_word' id='word_1_361' title='bbox 1267 4741 1482 4805; x_wconf 88' lang='lat' dir='ltr'><strong>antico</strong></span> <span class='ocrx_word' id='word_1_362' title='bbox 1543 4740 1936 4815; x_wconf 84' lang='lat' dir='ltr'><strong>abdominis)</strong></span> <span class='ocrx_word' id='word_1_363' title='bbox 2004 4740 2171 4824; x_wconf 64' lang='lat'><strong>058,</strong></span> <span class='ocrx_word' id='word_1_364' title='bbox 2239 4740 2545 4805; x_wconf 88' lang='lat' dir='ltr'><strong>inferiore</strong></span> <span class='ocrx_word' id='word_1_365' title='bbox 2618 4742 2901 4825; x_wconf 84' lang='lat' dir='ltr'><strong>(ventre)</strong></span> <span class='ocrx_word' id='word_1_366' title='bbox 2979 4740 3096 4824; x_wconf 88' lang='grc'>1·8,</span> <span class='ocrx_word' id='word_1_367' title='bbox 3165 4740 3493 4825; x_wconf 89' lang='lat' dir='ltr'><strong>superiore</strong></span> 
     </span>
     <span class='ocr_line' id='line_1_40' title="bbox 938 4845 3493 4934; baseline -0.001 -23"><span class='ocrx_word' id='word_1_368' title='bbox 938 4848 1175 4929; x_wconf 87' lang='lat' dir='ltr'><strong>(dorso)</strong></span> <span class='ocrx_word' id='word_1_369' title='bbox 1225 4868 1317 4911; x_wconf 87' lang='lat' dir='ltr'><strong>ca.</strong></span> <span class='ocrx_word' id='word_1_370' title='bbox 1366 4849 1463 4932; x_wconf 87' lang='lat'><strong>14,</strong></span> <span class='ocrx_word' id='word_1_371' title='bbox 1510 4848 1754 4934; x_wconf 91' lang='lat' dir='ltr'><strong>postico</strong></span> <span class='ocrx_word' id='word_1_372' title='bbox 1803 4870 1895 4911; x_wconf 91' lang='lat' dir='ltr'><strong>ca.</strong></span> <span class='ocrx_word' id='word_1_373' title='bbox 1951 4849 2095 4912; x_wconf 64' lang='lat'><strong>125</strong></span> <span class='ocrx_word' id='word_1_374' title='bbox 2143 4846 2363 4931; x_wconf 71' lang='lat' dir='ltr'><strong>longor,</strong></span> <span class='ocrx_word' id='word_1_375' title='bbox 2425 4847 2688 4912; x_wconf 89' lang='lat' dir='ltr'><strong>dorsum</strong></span> <span class='ocrx_word' id='word_1_376' title='bbox 2739 4845 2822 4911; x_wconf 87' lang='lat' dir='ltr'><strong>ad</strong></span> <span class='ocrx_word' id='word_1_377' title='bbox 2870 4847 3085 4932; x_wconf 90' lang='lat' dir='ltr'><strong>ipsum</strong></span> <span class='ocrx_word' id='word_1_378' title='bbox 3133 4847 3493 4931; x_wconf 88' lang='lat' dir='ltr'><strong>marginem</strong></span> 
     </span>
    </p>
   </div>
  </div>
 </body>
</html>
