3842 5942
920 562 1049 626 538

917 774 1094 860 dum,
1126 772 1367 860 pallide
1400 773 1584 837 fulvo
1617 772 2052 858 reticulatum,
2081 773 2310 837 -colore
2342 771 2883 858 nigro-fuligineo
2915 771 3178 837 abunde
3209 774 3480 859 pictum:

918 887 1179 947 dorsum
1226 883 1293 945 in
1341 880 1612 945 dimidio
1674 881 1998 945 anteriore
2061 880 2226 945 vitta
2270 890 2570 944 ornatum
2636 879 3052 944 mediocriter
3097 879 3244 964 lata,
3304 880 3479 944 inae-

917 989 1114 1075 quali,
1160 990 1227 1052 in
1281 989 1660 1053 universum
1708 986 2086 1071 lanceolata,
2142 1010 2270 1052 non
2319 987 2695 1052 obscuriore
2742 986 2970 1051 saltem
3017 1009 3210 1073 quam
3259 1008 3479 1050 macu-

917 1095 1016 1161 lae
1064 1096 1239 1160 dorsi
1286 1095 1607 1177 lateralest,
1663 1094 1801 1179 hae,
1849 1095 1917 1158 in
1967 1105 2239 1180 utroque
2286 1093 2490 1159 latere
2535 1105 2908 1180 quaternae,
2970 1094 3204 1158 seriem
3252 1093 3481 1157 leviter

915 1204 1329 1269 incurvatam
1374 1202 1674 1287 formant,
1722 1201 2105 1267 rotundatae
2152 1212 2320 1285 sunt,
2365 1223 2482 1286 per
2512 1202 2694 1287 paria
2740 1202 2911 1265 inter
2957 1224 3026 1266 se
3059 1212 3122 1264 et
3154 1224 3270 1265 sex
3301 1214 3477 1264 ante-

917 1311 1116 1374 riores
1165 1311 1358 1374 etiam
1415 1332 1565 1375 cum
1612 1310 1776 1374 vitta
1823 1309 2039 1374 media
2101 1310 2591 1393 coniunguntur
2635 1307 2829 1371 lineis
2877 1309 3200 1372 anteriora
3248 1330 3477 1372 versus

916 1425 979 1481 et
1024 1417 1200 1481 intus
1247 1416 1515 1481 directis
1563 1416 1799 1503 (pariat
1847 1418 2049 1499 2-4)
2097 1427 2211 1480 aut
2257 1416 2650 1480 transversis
2699 1422 2839 1500 (par
2890 1416 3124 1500 l-um);
3172 1437 3339 1501 pone
3368 1436 3475 1477 eas

913 1522 1179 1588 dorsum
1245 1545 1439 1608 supra
1503 1523 1823 1587 mamillas
1886 1533 2178 1587 ornatur>
2213 1523 2455 1607 angulo
2503 1544 2630 1586 uno
2693 1536 2756 1586 et
2804 1521 3028 1586 fasciis
3087 1522 3476 1585 transversis

912 1630 1232 1715 gradatim
1285 1631 1663 1716 minoribuS,
1717 1631 1978 1695 circiter
2026 1630 2252 1714 tribus,
2300 1630 2402 1693 his
2449 1631 2618 1694 inter
2661 1620 2732 1693 'se
2781 1628 2927 1716 plus
2974 1630 3278 1693 minusve
3324 1651 3474 1692 con-

916 1738 1096 1802 fusis,
1167 1740 1402 1807 Latera
1463 1736 1831 1802 abdominis
1895 1737 2252 1802 secundum
2301 1747 2497 1801 totam
2565 1736 3038 1822 longitudinem
3095 1737 3257 1801 vitta
3306 1736 3474 1823 picta

914 1846 1117 1931 nigra,
1166 1847 1235 1908 in
1270 1845 1481 1909 medio
1528 1858 1590 1909 et
1623 1846 1942 1931 posterius
1991 1844 2216 1909 fasciis
2264 1843 2473 1908 tribus
2506 1866 2764 1907 sursum
2797 1855 2861 1908 et
2893 1845 3215 1908 anteriora
3247 1866 3474 1907 versus

912 1952 1178 2018 directis
1226 1955 1535 2039 pei-secta,
1595 1974 2061 2038 nonnunquam
2124 1974 2274 2016 cum
2322 1950 2535 2016 colore
2581 1952 2770 2035 nigro
2825 1953 3075 2015 ventris
3122 1952 3474 2015 maximam

912 2070 1162 2145 partem
1228 2059 1513 2123 confusa.
1593 2060 1903 2123 Laterum
1967 2081 2120 2145 pars
2181 2058 2452 2123 inferior
2506 2069 2570 2122 et
2633 2069 2861 2123 venter
2921 2057 3473 2143 fuligineo-nigra7

912 2178 1138 2231 venter
1186 2167 1460 2231 maculis
1506 2179 1605 2231 sat
1653 2166 1907 2251 magnis
1955 2166 2183 2250 tribuS,
2249 2165 2486 2251 pallide
2533 2167 2873 2243 umbrinis,
2938 2164 3084 2229 albo
3129 2168 3472 2253 punctatiS,

913 2272 1059 2359 plus
1107 2274 1409 2338 minusve
1455 2274 1946 2359 (nonnunquam
1997 2274 2249 2358 parum)
2287 2274 2608 2359 expressis
2640 2285 2922 2336 ornatus.
2969 2272 3301 2337 Mamillae
3336 2296 3472 2336 um-

911 2380 1155 2464 brinae,
1202 2381 1387 2467 apice
1434 2381 1679 2465 nigrae.

1042 2485 1311 2550 Tirolia:
1382 2486 1842 2573 Kesselspitze,
1910 2488 1980 2550 in
2043 2486 2385 2551 altitudine
2452 2488 2891 2552 1800—2100
2939 2510 3004 2549 m
3066 2489 3271 2571 (regio
3326 2487 3469 2552 Pini

912 2594 1182 2679 mughi),
1252 2593 1356 2658 die
1430 2597 1507 2659 11
1576 2596 1856 2680 Augusti
1919 2593 2078 2679 legit
2139 2593 2476 2658 Boleslaus
2546 2593 2791 2658 Kotula
2853 2593 3129 2659 feminas
3192 2593 3469 2673 adultas;

909 2699 1283 2786 Glungezer
1339 2701 1482 2787 Alp,
1548 2703 1991 2766 2200—2430
2053 2725 2135 2785 m,
2201 2701 2258 2765 d.
2323 2702 2407 2766 25
2472 2701 2753 2786 Augusti
2819 2699 3064 2765 femina
3126 2700 3350 2766 adulta
3409 2714 3469 2766 et

908 2807 1207 2893 exempla
1256 2828 1381 2871 non
1436 2807 1660 2873 adulta
1707 2808 1892 2894 (legit
1937 2808 2157 2894 idem).
2205 2847 2290 2856 —
2343 2808 2516 2873 Huic
2564 2808 2804 2893 speciei
2849 2807 3275 2892 probabiliter
3321 2808 3468 2872 sub-

905 2915 1279 2999 iungendus
1342 2928 1439 2979 est
1486 2916 2034 3001 Lephthyplzantes
2099 2917 2166 2979 in
2216 2914 2387 2980 valle
2434 2914 2775 2981 Suldental
2839 2915 3016 2980 dicta
3075 2938 3246 2980 anno
3307 2917 3464 2980 1886

909 3044 946 3083 a
994 3043 1097 3085 me
1145 3021 1369 3105 lectuS,
1424 3045 1616 3108 quem
1663 3022 1817 3085 olim
1870 3034 1942 3087 ut
1985 3024 2062 3087 L.
2112 3025 2485 3088 annulatum
2533 3021 2761 3087 Kulcz.
2809 3021 3046 3108 protuli
3071 3025 3136 3107 ¹).

1041 3129 1592 3214 Lephthyphantes
1652 3130 1919 3195 Kotulai
1979 3141 2042 3193 et
2107 3132 2183 3193 L.
2248 3131 2590 3194 annulatus
2650 3128 2881 3193 Kulcz.
2946 3141 3008 3194 et
3068 3130 3142 3194 L.
3175 3132 3466 3216 friqidus

908 3235 982 3299 E.
1029 3237 1183 3302 Sim.
1231 3237 1402 3300 inter
1449 3258 1517 3299 se
1567 3235 1759 3299 valde
1806 3236 2050 3300 similes
2099 3247 2268 3321 sunt,
2331 3235 2638 3300 differunt
2684 3248 2901 3300 tamen
2951 3235 3157 3299 forma
3189 3238 3464 3321 partium

906 3342 1306 3427 genitalium.
1372 3343 1575 3433 IntL.
1612 3344 1868 3429 fviyido
1916 3343 2046 3428 (fig.
2100 3345 2208 3425 13)
2255 3364 2404 3433 pars
2452 3343 2722 3430 apicalis
2769 3344 3091 3432 epigynae
3138 3342 3328 3408 latior
3371 3355 3465 3408 est

906 3451 1081 3532 (0·32
1117 3454 1273 3527 mm)
1321 3473 1514 3536 quam
1563 3451 1632 3513 in
1663 3452 1742 3515 L.
1791 3454 2094 3516 annulato
2141 3453 2311 3533 (0·27
2365 3457 2521 3531 mm)
2569 3461 2633 3515 et
2663 3451 2740 3515 L.
2776 3451 3044 3515 Kotulai
3089 3451 3260 3531 (023
3294 3456 3462 3533 mm),

906 3579 1104 3643 quum
1153 3579 1191 3620 a
1236 3570 1419 3643 parte
1465 3558 1681 3622 antica
1727 3558 2037 3623 inferiore
2097 3558 2478 3644 adspicitur,
2538 3558 2895 3643 posteriora
2960 3580 3188 3622 versus
3235 3557 3463 3622 leviter

907 3663 1221 3728 lateribus
1269 3666 1462 3729 rectis
1511 3675 1872 3749 angustata,
1938 3688 2105 3752 pone
2153 3665 2468 3730 latissime
2514 3678 2577 3730 et
2623 3663 2761 3729 fere
2807 3678 2982 3730 recte
3036 3675 3338 3729 truncata
3384 3666 3458 3747 (si

906 3770 1234 3854 apiculum
1300 3770 1584 3835 medium
1649 3794 1779 3835 non
1842 3774 2239 3859 respicitur),
2308 3772 2390 3836 ad
2454 3774 2705 3858 apicem
2777 3773 3167 3860 impresione
3229 3772 3358 3836 lata
3401 3784 3459 3837 et

907 3877 1245 3963 profunda,
1309 3878 1445 3942 fere
1505 3878 1882 3943 semilunari
1946 3892 2202 3962 ornata3
2265 3890 2514 3966 partem
2578 3879 2747 3943 hanc
2810 3901 3045 3964 scapus
3107 3879 3245 3944 fere
3291 3880 3457 3944 solus

906 3984 1141 4048 format
1187 3984 1704 4071 rufo-testaceus,
1754 3987 1944 4050 modo
1986 3986 2259 4071 angulos
2306 3989 2586 4073 posticos
2632 3985 2932 4051 laterales
2981 3986 3108 4052 lobi
3143 4000 3457 4073 occupant

904 4090 1205 4157 laterales
1237 4091 1480 4176 flavidi,
1531 4092 1725 4157 valde
1757 4093 2020 4180 oblique
2053 4095 2261 4179 positi,
2306 4095 2513 4181 parvi,
2559 4095 2819 4158 circiter
2849 4095 2995 4158 007
3034 4116 3167 4157 mm
3198 4093 3372 4179 longi
3395 4095 3453 4173 ²).

904 4198 1463 4283 Lephthyphantae
1508 4202 1799 4265 annulati
1861 4222 2096 4287 scapus
2159 4202 2482 4288 epigynae
2544 4225 2583 4265 a
2635 4215 2817 4287 parte
2878 4201 3096 4265 antica
3158 4201 3455 4265 inferiore

905 4307 1085 4369 visus
1133 4328 1437 4389 magnam
1502 4318 1747 4392 partem
1813 4307 2157 4373 latitudine
2203 4308 2455 4395 aequali
2519 4322 2616 4373 est
2661 4321 2770 4372 aut
2834 4311 3188 4395 posteriora
3235 4331 3455 4373 versus

1050 4592 1088 4659 ¹)
1127 4594 1377 4657 Symbola
1429 4594 1495 4644 ad
1549 4597 1767 4646 faunam
1820 4595 2280 4646 Arachnoidarum
2337 4596 2686 4658 Tirolensem,
2738 4595 2895 4660 1887,
2945 4613 3068 4663 pag.
3118 4595 3225 4649 266
3265 4597 3372 4661 (22)
3408 4608 3458 4656 et

901 4682 1152 4747 epitome,
1191 4697 1311 4748 pag.
1350 4679 1399 4733 8.

1047 4769 1087 4835 ⁹)
1127 4772 1369 4836 Epigyne
1409 4774 1639 4837 exempli
1680 4775 1940 4837 feminini,
1981 4775 2119 4841 qnod
2159 4776 2288 4825 mihi
2327 4776 2434 4826 Cel.
2478 4778 2536 4825 E.
2573 4777 2751 4826 Simon
2803 4791 2910 4825 una
2948 4792 3066 4825 cum
3118 4792 3266 4826 mare
3317 4777 3455 4825 beni-

902 4860 1157 4925 gnissime
1197 4862 1633 4928 communicavit,
1673 4865 1912 4928 paullulo
1953 4865 2329 4929 asymmctrica
2365 4873 2469 4928 est3
2510 4881 2683 4915 nonne
2721 4865 2902 4929 paullo
2940 4866 3228 4916 anomala?
