3842 5942
903 533 1035 597 564

902 767 1096 831 quam
1140 746 1209 808 in
1242 744 1560 826 maribus3
1609 744 1801 807 strias
1835 742 2291 835 profundiores
2334 744 2595 807 circiter
2629 746 2668 807 6
2705 743 2841 806 vidi
2877 744 2942 806 in
2980 756 3250 829 utraque
3284 758 3467 829 parte

906 850 1475 938 cephalothoracis‚
1506 852 1730 937 spatiis
1762 851 2199 915 0015—-003
2231 849 2381 914 latis
2414 862 2718 931 remotas3
2768 850 2973 915 latera
3003 873 3237 916 versus
3271 852 3468 915 striae

903 961 1375 1023 numerosiores
1422 957 1585 1022 fiunt
1632 957 1745 1021 sed
1780 957 1998 1019 minus
2030 956 2356 1038 evolutae3
2403 979 2593 1021 areae
2641 958 2871 1022 fortius
2914 958 3196 1042 striatam,
3243 963 3470 1022 dextra

902 1077 964 1130 et
1010 1066 1290 1150 sinistra,
1338 1065 1581 1129 distant
1627 1066 1795 1129 inter
1843 1086 1910 1127 se
1961 1086 2052 1127 ca.
2101 1060 2206 1128 0·ss
2254 1087 2403 1148 mm,
2454 1066 2849 1140 coniunctim
2901 1066 3181 1151 spatium
3231 1087 3324 1129 ca.
3364 1066 3466 1129 0-7

902 1195 1036 1235 mm
1081 1170 1281 1236 latum
1345 1183 1681 1257 occupant.
1758 1172 1979 1236 Paries
2026 1173 2281 1235 anticus
2345 1170 2710 1235 abdominis
2773 1173 2856 1235 ad
2904 1172 3072 1236 latus
3122 1185 3472 1258 utrumque

901 1278 1125 1365 petioli
1172 1291 1236 1343 et
1281 1301 1478 1365 supra
1533 1278 1840 1366 petiolum
1904 1278 2054 1363 pilis
2102 1291 2370 1343 ornatur
2436 1278 2762 1343 similibus
2825 1290 3016 1365 atque
3078 1279 3194 1365 pili
3242 1279 3470 1363 organi

901 1385 1215 1450 stridendi
1279 1387 1349 1449 in
1399 1387 1705 1451 maribus.
1776 1386 1899 1448 Pili
1967 1385 2032 1448 hi
2083 1386 2406 1472 utrimque
2469 1387 2539 1449 in
2585 1385 2827 1450 lineam
2890 1386 3126 1471 digesti
3174 1398 3329 1450 sunt
3376 1408 3472 1450 ca.

900 1495 1051 1559 065
1100 1516 1231 1556 mm
1280 1493 1561 1578 longam,
1612 1516 1870 1556 sursum
1919 1503 1983 1556 et
2029 1491 2246 1578 paullo
2294 1494 2470 1556 intus
2518 1493 2851 1575 directam
2906 1492 3122 1580 paullo
3169 1492 3475 1558 incondi—

900 1610 1031 1664 tam
1079 1602 1461 1688 praesertim
1509 1624 1721 1687 supra.
1770 1600 1884 1663 ubi
1933 1602 2128 1663 etiam
2160 1601 2228 1663 in
2260 1599 2463 1664 latere
2510 1601 2833 1664 exteriore
2879 1599 3112 1664 harum
3145 1599 3472 1664 linearum

902 1718 966 1771 et
1010 1708 1178 1772 inter
1223 1729 1332 1772 eas
1365 1706 1477 1794 pili
1526 1710 1720 1793 pauci
1768 1706 2010 1772 similes
2056 1708 2500 1771 inveniuntur.
2551 1708 2794 1771 Lineae
2842 1707 3076 1771 dextra
3108 1719 3169 1771 et
3203 1709 3472 1770 sinistra

901 1815 1146 1879 distant
1191 1816 1361 1878 inter
1416 1837 1483 1878 se
1529 1814 1705 1877 infra
1767 1836 1861 1877 ca.
1907 1816 2058 1880 0-65
2107 1837 2259 1899 mm,
2308 1836 2502 1899 supra
2552 1837 2644 1877 ca.
2692 1814 2841 1878 0⁴25
2891 1837 3041 1877 mm.
3112 1813 3239 1878 Pili
3289 1814 3475 1876 inae-

899 1920 1124 2006 quales
1159 1937 1325 2005 sum,
1374 1942 1466 1986 ca.
1498 1923 1843 1985 o·04—0·2
1878 1945 2010 1985 mm
2058 1921 2254 2005 longi,
2300 1923 2369 1984 in
2403 1923 2571 1985 serie
2619 1925 2888 2009 utraque
2929 1923 3189 1986 circiter
3221 1921 3475 1985 decem.

1034 2135 1317 2201 Genera:
1368 2137 1719 2220 Dipoenam
1765 2135 1958 2198 Thor.
2007 2134 2306 2219 (inclusis
2338 2136 2661 2200 Lasaeolis
2703 2137 2774 2198 E.
2809 2136 3008 2220 Sim),
3048 2134 3476 2220 Earyopidem
3524 2140 3536 2151 “

902 2245 1155 2327 Menge‚
1201 2244 1686 2307 Lathrodectum
1733 2241 2010 2327 Walck.‚
2074 2244 2412 2328 Episdnum
2459 2244 2662 2326 Lanu,
2726 2244 3142 2307 Plocamidem
3189 2244 3261 2307 E.
3313 2242 3475 2309 Sim.

902 2351 1156 2414 araneis
1203 2371 1445 2432 organo
1493 2348 1810 2412 stridendi
1858 2350 2103 2413 ornatis
2152 2348 2586 2415 adnumerare
2636 2371 2764 2413 non
2798 2350 3026 2435 audeo⁷
3073 2371 3474 2437 quamquam

901 2455 1405 2544 cephalothorax
1466 2479 1690 2520 eorum
1740 2479 1901 2541 pone
1947 2456 2097 2543 plus
2148 2458 2448 2523 minusve
2498 2459 2763 2521 striatus
2833 2468 2931 2521 est
2976 2469 3358 2522 transverse
3404 2459 3474 2520 in

901 2564 1191 2627 maribus
1239 2562 1469 2627 saltem
1516 2575 1628 2627 aut
1673 2564 1739 2627 in
1786 2561 1888 2627 his
1939 2563 2172 2628 fortius
2219 2587 2413 2650 quam
2461 2566 2527 2627 in
2572 2565 2850 2649 feminis,
2897 2567 3203 2651 quoniam
3252 2567 3324 2628 in
3359 2565 3476 2630 ab·

901 2671 1161 2734 domine
1210 2693 1431 2734 eorum
1479 2669 1749 2734 alteram
1795 2682 2045 2756 partem
2096 2674 2343 2756 organi,
2401 2696 2435 2736 e
2486 2672 2791 2737 dentibus
2839 2674 3094 2736 corneis
3157 2683 3270 2736 aut
3318 2672 3475 2760 pilis

901 2788 1324 2861 constantem,
1387 2778 1572 2841 cuius
1618 2788 1850 2842 natura
1912 2790 1975 2842 et
2023 2801 2262 2841 munus
2324 2781 2393 2842 in
2441 2779 2716 2844 dubium
2782 2782 3004 2843 vocari
3069 2802 3199 2844 non
3248 2782 3476 2866 possit,

901 2907 1031 2948 non
1065 2885 1273 2948 video,
1322 2885 1525 2950 Strias
1558 2896 1965 2949 transversas
2016 2885 2571 2973 cephalothoracis
2604 2910 2734 2951 non
2768 2910 2993 2952 omnes
3041 2900 3293 2974 partem
3332 2909 3475 2951 esse

901 2992 1131 3075 organi
1181 2990 1515 3075 stridendi,
1564 2991 1965 3056 demonstrat
2010 3016 2108 3056 ex.
2155 3017 2250 3078 gr.
2300 2995 2591 3079 Dipoena
2638 3003 2815 3059 torva
2860 2994 3054 3058 Thor.
3101 3000 3369 3074 (procax
3399 2995 3472 3059 E.

903 3099 1101 3182 Sim.)‚
1150 3100 1336 3161 cuius
1370 3121 1507 3162 mas
1540 3087 1667 3161 non
1704 3099 1913 3162 solum
1961 3101 2030 3162 in
2064 3102 2308 3187 pariete
2358 3102 2605 3187 postico
2657 3101 3211 3189 cephalothoracis
3245 3103 3470 3181 (etiam

900 3207 969 3268 in
1017 3207 1154 3269 eius
1204 3216 1382 3290 parte
1431 3209 1748 3290 suprema,
1811 3228 1976 3293 quae
2026 3229 2176 3271 cum
2224 3207 2571 3273 abdomine
2634 3210 3010 3295 contingere
3057 3231 3186 3272 non
3237 3216 3473 3294 potest)

902 3311 1015 3375 sed
1065 3313 1260 3376 etiam
1322 3314 1391 3376 in
1453 3312 1764 3376 lateribus
1827 3313 2382 3400 cephalotboracis
2445 3326 2714 3380 ornatur
2776 3317 2951 3381 striis
3015 3316 3474 3381 subtilioribus

901 3428 965 3481 et
1011 3417 1209 3481 sulcis
1256 3419 1419 3483 latis».

1036 3525 1405 3590 Notandum
1454 3538 1671 3589 tamen
1705 3538 1819 3609 est,
1865 3550 2137 3592 araneas
2186 3528 2421 3593 multas
2463 3530 2725 3616 quidem
2776 3532 2930 3612 (non
2964 3531 3173 3594 solum
3206 3553 3242 3594 e
3278 3530 3471 3593 fami-

904 3631 993 3694 lis
1044 3632 1557 3697 Thericliidarum
1620 3634 1733 3697 sed
1782 3636 1973 3698 etiam
2023 3638 2549 3722 Aryiopidarum)
2608 3637 2720 3700 sed
2769 3659 2901 3701 non
2963 3660 3186 3702 omnes
3249 3638 3470 3701 ornari

903 3740 1081 3803 striis
1127 3740 1521 3803 transversis
1566 3741 1636 3803 in
1682 3752 1865 3827 parte
1912 3744 2158 3827 postica
2216 3743 2785 3829 cephalothoracis,
2849 3767 3041 3830 saepe
3089 3745 3472 3809 fortioribus

902 3848 969 3909 in
1018 3846 1306 3910 maribus
1354 3870 1544 3932 quam
1594 3848 1661 3910 in
1711 3848 2000 3931 feminist,
2047 3852 2354 3935 quaestiQ
2403 3853 2513 3937 qui
2555 3852 2638 3915 sit
2671 3875 2825 3915 usus
2872 3852 3103 3916 harum
3162 3854 3468 3916 striarum

904 3954 1321 4019 ulterioribus
1367 3956 1982 4039 investigationibus
2030 3958 2230 4043 digna
2271 3971 2384 4045 est,
2433 3983 2662 4047 parum
2709 3962 2879 4026 enim
2916 3959 3249 4045 probabile
3283 3960 3470 4023 vide-

901 4072 1023 4146 tur,
1072 4084 1221 4127 eum
1271 4061 1461 4147 plane
1507 4062 1757 4127 nullum
1809 4086 1967 4128 esse.

1025 4292 1119 4359 lv.
1171 4291 1262 4360 De
1308 4293 1566 4361 araneis
1613 4296 1960 4374 nonnullis,
2009 4316 2174 4383 quae
2224 4297 2634 4366 Germaniam
2686 4299 2968 4367 incolere
3017 4298 3336 4366 dicuntur.

1034 4416 1114 4479 In
1163 4417 1492 4503 opusculQ
1542 4419 1709 4505 quod
1760 4420 2161 4488 inscribitur:
2211 4424 2338 4486 Die
2386 4422 2674 4509 Spinnen
2724 4423 2840 4487 der
2887 4423 3420 4509 Rheinprovinz¹
3435 4454 3466 4493 1.

902 4524 1007 4589 W.
1055 4524 1429 4610 Bosenberg
1492 4549 1661 4591 anno
1713 4528 1882 4592 1899
1932 4541 2185 4614 praeter
2234 4529 2394 4593 alias
2449 4552 2719 4594 araneas
2784 4533 3113 4616 superiore
3177 4544 3466 4617 tempore

1046 4757 1084 4819 ¹)
1124 4758 1575 4823 Verbandlungen
1612 4760 1703 4808 des
1741 4761 2256 4811 naturhistorischen
2289 4764 2509 4812 Vereins
2549 4763 2641 4814 der
2678 4780 2878 4828 prensa.
2910 4765 3262 4827 Rheinlande,
3292 4768 3464 4816 VVest-

901 4846 1075 4895 falens
1114 4847 1219 4895 und
1259 4847 1352 4895 des
1393 4850 1934 4913 Regiorungsbezirks
1975 4851 2307 4911 Osnabriick‚
2346 4850 2415 4904 56
2451 4853 2572 4917 Jhg.
2618 4851 2771 4906 1899.
