3842 5942
798 529 930 593 550

796 740 1113 827 exemplis
1176 740 1418 828 pallide
1482 740 1785 823 coloratis
1847 743 2102 828 pictura
2163 740 2402 828 pedum
2467 742 2726 825 Epi-sini
2785 741 3066 827 luqubrz‘s
3127 740 3362 805 similis

796 848 867 911 fit
911 847 1318 934 aliquatenus
1371 848 1658 933 picturae
1704 849 1780 914 Ε.
1830 850 2121 933 truncati,
2170 847 2387 913 differt
2433 861 2650 913 tamen
2699 849 2782 913 ab
2828 852 2904 912 ea
2935 846 3361 912 nihilominus

795 977 888 1036 en,
933 955 1103 1040 quod
1154 954 1544 1018 annulorum
1593 953 1769 1019 oolor
1815 954 2104 1043 aequalis
2153 966 2266 1040 est,
2314 977 2524 1041 neque
2570 956 2833 1041 punctis
2864 954 3057 1019 lineis
3087 954 3364 1020 maculis

794 1061 1279 1126 obscurioribus
1325 1063 1394 1124 in
1442 1060 1648 1126 fundo
1697 1061 2036 1149 pallidiore
2082 1062 2474 1148 variegatus,
2538 1073 2602 1127 et
2646 1046 2808 1127 fines
2857 1084 3077 1126 eorum
3126 1085 3362 1148 aequa-

795 1168 960 1234 biles
1008 1180 1121 1233 aut
1168 1169 1581 1234 mediocriter
1642 1169 1835 1233 modo
1896 1160 2207 1253 distincti,
2273 1171 2380 1253 ita,
2443 1181 2513 1233 ut
2573 1168 2751 1235 color
2807 1169 3196 1233 annulorum
3244 1169 3363 1234 ob-

795 1297 1028 1340 scurus
1075 1278 1142 1338 in
1193 1275 1475 1341 colorem
1523 1275 1931 1362 pallidiorem
1975 1260 2218 1364 'pedum
2269 1278 2511 1341 sensim
2560 1276 2699 1341 sere
2744 1276 2953 1341 abeat.

930 1383 1136 1447 Pedes
1183 1384 1441 1467 Epi-sini
1489 1387 1766 1449 truncati
1810 1385 1884 1448 E.
1934 1383 2089 1449 Sim.
2137 1382 2380 1469 pallide
2425 1383 2651 1448 flavidi
2699 1395 2811 1448 aut
2845 1382 3048 1448 dilute
3095 1385 3361 1448 testacei

797 1489 1070 1554 maculis
1117 1502 1181 1554 et
1227 1490 1487 1554 annulis
1534 1503 1848 1555 ornantur
1908 1491 2205 1556 obscuris
2267 1491 2618 1576 insigniter
2662 1489 3116 1577 inaequalibus
3162 1492 3362 1576 (mar-

794 1596 1056 1681 ginibus
1104 1598 1358 1661 varium
1406 1599 1476 1661 in
1524 1598 1787 1662 modum
1838 1598 2111 1661 sinuatis
2160 1609 2223 1662 et
2270 1598 2575 1682 dentatis)
2605 1587 2610 1592 ³
2640 1610 2702 1662 et
2765 1601 3002 1684 magna
3050 1621 3133 1662 ex
3179 1610 3363 1684 parte

795 1705 1174 1790 variegatis:
1222 1727 1412 1791 saepe
1459 1705 1675 1771 colore
1722 1707 1910 1791 nigro
1956 1705 2251 1770 limitatis
2316 1716 2381 1770 et
2436 1705 2649 1769 colore
2695 1704 3036 1792 pallidiore
3084 1704 3364 1790 repletis.

798 1811 1046 1875 Pedum
1095 1824 1307 1902 partes
1354 1811 1684 1897 obscurae,
1755 1811 2110 1897 fuligineae
2157 1824 2221 1876 et
2274 1812 2582 1898 pallidius
2643 1824 2756 1877 aut
2817 1813 3158 1876 obscurius
3220 1835 3366 1876 um·-

796 1919 1041 2002 brinae,
1089 1941 1220 1982 non
1267 1933 1379 1983 aut
1439 1920 1556 1983 vix
1619 1923 1906 1984 sentiunt
1968 1919 2250 1984 colorem
2311 1919 2550 2003 rufum,
2614 1941 2740 2007 quo
2788 1932 3003 2006 partes
3049 1920 3365 1983 obscurae

797 2026 875 2090 Ε.
925 2028 1204 2111 luyubrz's
1252 2025 1505 2091 fortiter
1550 2027 1834 2091 suffusae
1881 2048 2023 2091 esse
2056 2026 2280 2091 solent.
2330 2025 2627 2091 Maculae
2675 2050 2850 2111 vero,
2897 2026 3132 2112 quibus
3163 2026 3364 2115 pedes

796 2144 1128 2215 ornantur,
1176 2132 1297 2197 hae
1346 2144 1497 2198 sunt
1544 2131 1929 2213 (secundum
1979 2156 2186 2219 pauca
2230 2132 2548 2219 exempla,
2594 2156 2760 2219 quae
2806 2133 2998 2213 vido:
3045 2135 3112 2198 in
3161 2134 3364 2197 femo-

796 2239 977 2304 ribus
1028 2263 1223 2326 prope
1270 2240 1480 2304 basim
1528 2263 1723 2326 supra
1769 2252 1881 2305 aut
1928 2242 2121 2305 etiam
2170 2242 2238 2304 in
2286 2239 2486 2305 latere
2533 2242 2750 2305 antico
2785 2240 3084 2304 maculae
3117 2262 3364 2326 paucae

793 2350 1022 2431 (1—2)
1071 2368 1310 2432 parvae
1371 2347 1785 2433 irregulareS,
1848 2370 1933 2412 ex
1997 2361 2175 2434 parte
2235 2349 2306 2411 in
2353 2346 2645 2412 maculas
2710 2348 2994 2412 minores
3043 2346 3366 2429 divulsae,

799 2455 863 2516 in
912 2453 1229 2540 exemplis
1277 2453 1537 2540 pallidis
1585 2466 2068 2539 evanescentes,
2119 2457 2500 2541 praesertim
2547 2456 2615 2517 in
2652 2455 2928 2539 pedibus
2974 2454 3100 2533 1V;
3147 2454 3365 2539 paullo

797 2582 961 2646 pone
1009 2561 1296 2624 medium
1344 2560 1625 2625 annulus
1672 2561 2120 2647 incompletUS,
2168 2561 2393 2627 subter
2441 2562 2673 2626 saltem
2705 2562 3122 2648 interruptus,
3171 2561 3365 2627 valde

796 2667 1173 2754 inaequaliS,
1237 2670 1302 2731 in
1371 2668 1645 2755 pedibus
1707 2669 1814 2734 III
1860 2669 2242 2755 plerumque
2290 2669 2370 2733 ad
2421 2668 2712 2734 maculas
2759 2690 2998 2755 parvas
3046 2668 3364 2750 redactuS,

796 2776 865 2838 in
913 2774 1188 2861 pedibus
1227 2776 1262 2840 I
1309 2775 1496 2860 latu-⁵3,
1547 2779 1923 2861 praesertim
1972 2778 2040 2839 in
2088 2777 2288 2841 latere
2334 2778 2549 2841 antico
2597 2777 2922 2860 inferiore,
2972 2776 3079 2840 ubi
3109 2774 3364 2863 -plus

796 2882 1097 2947 minusve
1122 2884 1522 2969 interruptus
1542 2894 1845 2948 —totam
1870 2883 2009 2948 sere
2033 2882 2510 2970 longitudinem
2541 2894 2833 2970 occupat,
2858 2884 2927 2946 in
2953 2882 3269 2947 femorum
3297 2883 3364 2947 ΙΙ

795 2988 998 3053 latere
1046 2989 1258 3054 antico
1306 2990 1614 3055 inferiore
1662 2992 1855 3055 etiam
1906 3013 2372 3077 nonnunquam
2421 2991 2584 3053 vitta
2631 2989 2924 3071 obscura,
2972 2989 3184 3054 basim
3218 3013 3357 3053 ver-

797 3119 908 3159 sus
955 3096 1375 3161 descendenti
1421 3109 1676 3180 auctus3
1725 3098 1974 3183 apicem
2026 3097 2346 3163 femorum
2378 3097 2661 3162 annulus
2693 3097 2858 3161 alter
2889 3110 3182 3183 occupat,
3229 3120 3363 3161 mo-

800 3203 945 3268 dice
992 3203 1178 3288 latuS,
1240 3205 1619 3291 inaequalis,
1684 3204 1906 3270 subter
1966 3206 2385 3292 interruptim,
2445 3205 2515 3267 in
2577 3203 2851 3290 pedibus
2913 3204 3018 3268 III
3067 3226 3364 3268 nonnun-

798 3333 993 3396 quam
1041 3333 1468 3394 evanescens3
1530 3311 1807 3396 patellae
1855 3311 2069 3375 colore
2119 3310 2436 3396 fuligineo
2498 3322 2610 3375 aut
2673 3311 2972 3375 umbrino
3037 3310 3180 3397 plus
3242 3313 3355 3375 mi-

798 3439 1007 3481 nusve
1055 3418 1442 3504 variegatae,
1505 3420 1885 3504 praesertim
1947 3421 2013 3482 in
2079 3418 2406 3503 lateribus,
2476 3420 2662 3504 apice
2733 3441 2817 3482 ex
2863 3430 3044 3503 parte
3090 3432 3360 3504 anguste

798 3525 986 3609 nigro
1036 3525 1459 3609 marginatae3
1505 3525 1703 3589 tibiae
1750 3525 2010 3589 annulis
2058 3525 2263 3591 basali
2314 3538 2377 3590 et
2422 3525 2653 3611 apicali
2686 3537 2970 3609 ornatae,
3018 3525 3139 3589 boc
3172 3548 3360 3611 quam

797 3630 910 3696 ille
958 3632 1297 3697 evidenter
1344 3632 1568 3697 latiore
1615 3633 1682 3695 in
1732 3632 2007 3720 pedibus
2055 3634 2153 3698 IV
2203 3633 2460 3715 saltem3
2509 3633 2838 3697 metatarsi
2890 3631 3027 3695 basi
3078 3655 3208 3696 non
3240 3633 3364 3697 late

799 3738 915 3803 sed
962 3739 1215 3804 fortiter
1261 3740 1571 3824 annulati,
1618 3740 1879 3804 annulis
1929 3742 2144 3805 minus
2183 3733 2646 3826 ¹inaequalibus
2684 3762 2879 3826 quam
2929 3739 3273 3804 femorales
3303 3752 3364 3805 et

796 3844 1073 3929 tibiales,
1121 3857 1183 3909 et
1228 3849 1297 3909 in
1348 3858 1527 3933 parte
1575 3847 1811 3934 apicali
1859 3848 1952 3932 (in
2003 3847 2280 3933 pedibus
2328 3847 2361 3910 I
2409 3858 2472 3911 et
2518 3847 2588 3911 II
2636 3846 2909 3909 dimidia
2957 3846 3111 3931 fere,
3161 3849 3224 3910 in
3260 3848 3363 3911 III

799 3970 864 4018 et
911 3953 1009 4016 IV
1058 3955 1330 4033 minore)
1379 3955 1468 4017 ita
1513 3954 2012 4042 inaequabiliter
2043 3954 2371 4019 infuscati.
2405 3965 2475 4018 ut
2506 3955 2859 4018 anteriores
2895 3953 3121 4017 saltem
3172 3955 3362 4019 etiam

800 4059 1060 4123 annulis
1110 4059 1465 4124 submediis
1514 4074 1576 4125 et
1624 4061 2006 4148 apicalibuS,
2075 4063 2247 4125 inter
2309 4085 2377 4125 se
2417 4061 2756 4125 fuscedine
2803 4060 3048 4126 leviore
3095 4064 3361 4126 coniun-

801 4166 943 4250 ctiS,
993 4168 1205 4231 ornati
1253 4167 1384 4231 dici
1434 4169 1707 4253 possint3
1754 4170 1906 4232 tarsi
1960 4169 2143 4255 apice
2190 4168 2516 4231 infuscati.
2561 4206 2643 4214 --
2691 4168 2856 4232 Tota
2903 4167 3066 4233 haec
3113 4169 3363 4253 pictura

799 4297 929 4338 non
977 4296 1206 4359 parum
1257 4276 1492 4339 variat:
1539 4275 1688 4362 plus
1721 4276 2024 4340 minusve
2056 4299 2368 4361 expressa
2398 4287 2512 4351 est,
2561 4275 2678 4339 sed
2709 4276 2778 4338 in
2811 4274 3116 4339 omnibus
3147 4299 3362 4340 exem-

800 4381 943 4466 plis,
990 4405 1155 4467 quae
1218 4383 1615 4465 examinavi,
1670 4384 1898 4469 paucis
1961 4383 2242 4469 quidem,
2305 4384 2587 4466 vestigia
2634 4383 2775 4447 eius
2833 4381 3362 4446 manifestissima

800 4500 863 4552 et
911 4512 950 4552 a
994 4490 1248 4575 pictura
1294 4490 1371 4554 Ε.
1421 4492 1702 4576 luqubris
1748 4491 1988 4577 optime
2037 4472 2346 4554 distincta
2393 4490 2548 4554 vidi.

935 4596 1344 4684 Synonymia
1406 4599 1820 4683 Epi-sinotum
1880 4598 2368 4683 Europaeorum
2435 4608 2726 4661 contorta
2788 4596 2946 4660 mihi
2995 4597 3259 4661 videtur
3304 4609 3366 4661 et

802 4726 930 4766 non
981 4703 1195 4769 facilis
1243 4704 1325 4768 ad
1359 4703 1839 4791 explicandum.
1888 4704 2168 4792 Species,
2215 4728 2410 4791 quam
2451 4704 2746 4791 plerique
2779 4716 3077 4769 auctores
3112 4706 3366 4768 nomine

804 4811 878 4874 E.
913 4814 1185 4875 truncati
1231 4810 1743 4898 appellaverunt,
1794 4812 2136 4877 manifesto
2167 4834 2297 4875 non
2349 4813 2421 4878 E.
2455 4820 2783 4877 truncatus
2829 4811 2902 4875 E.
2945 4811 3218 4878 Simonii
3253 4824 3364 4876 est.
