3842 5942
2864 582 2991 644 557

412 789 805 854 tuberculum
866 801 966 853 est
1027 788 1141 852 sed
1204 791 1281 854 E.
1346 790 1619 873 aphana.
1686 790 2054 875 Processus,
2119 791 2355 878 quibus
2426 791 2671 856 lamina
2733 794 2994 857 tarsalis

412 918 615 960 verae
661 897 733 961 E.
786 898 1199 961 tabernulam
1246 908 1535 979 ornatur,
1585 896 1903 981 descripsi
1951 897 2241 963 breviter
2300 899 2368 962 in
2426 901 2755 983 „Araneae
2805 900 2994 964 Hun-

408 1003 679 1087 gariae“
755 1002 880 1067 vol.
929 1003 1016 1085 ΙΙ,
1067 1025 1208 1088 pag.
1275 1005 1382 1084 133
1446 1026 1609 1089 quae
1672 1003 2025 1090 descriptio
2089 1003 2451 1069 illustretur
2496 1005 2703 1090 figura
2754 1008 2839 1071 23
2885 1007 2993 1071 hic

411 1109 688 1194 prolata.
738 1109 1045 1174 laminam
1095 1110 1397 1174 tarsalem
1447 1110 1724 1196 desuper
1772 1112 1984 1175 visam
2033 1114 2564 1198 repraesentanti.

555 1322 922 1391 Clubiona
968 1322 1406 1408 stagnatilis
1454 1322 1687 1388 Kulcz.

560 1432 921 1496 Clubz'onam
967 1432 1395 1496 holosericeam
1444 1430 1858 1496 Blackwallii
1905 1443 1970 1496 et
2021 1433 2109 1498 Ol.
2151 1437 2420 1518 qmjseam
2456 1434 2614 1497 Dris
2649 1433 2721 1497 L.
2755 1433 2992 1497 Kochii

411 1537 570 1601 olim
623 1549 692 1601 ut
741 1561 1113 1626 synonyma
1165 1538 1498 1603 Clubionae
1542 1541 1814 1603 reclusae
1859 1537 1936 1604 Ο.
1984 1538 2243 1605 Cambr.
2308 1539 2620 1603 subiunxi
2644 1544 2692 1619 ¹)
2739 1553 2802 1604 et
2849 1564 2990 1627 spe-

412 1647 606 1729 ciem,
653 1668 849 1731 quam
896 1646 968 1710 T.
1016 1644 1297 1730 Theren,
1345 1646 1419 1709 E.
1468 1646 1711 1729 Simon,
1759 1644 1834 1711 Ο.
1885 1647 1952 1709 P.
2001 1644 2397 1731 Cambridge
2450 1648 2813 1713 Glubz’onam
2857 1653 2992 1733 yri-

410 1773 585 1816 seam-
631 1750 1143 1837 appellaverunt,
1206 1753 1467 1816 nomine
1529 1774 1724 1816 novo:
1795 1754 1884 1817 ΟΖ.
1935 1755 2293 1839 3ἰα9ηαίὶίί3
2338 1753 2700 1817 ornandam
2750 1756 2991 1818 censui.

412 1858 611 1938 Quod
676 1881 802 1922 non
866 1859 1112 1946 placuit
1173 1860 1330 1923 Rev.
1395 1859 1467 1925 O.
1534 1860 1604 1922 P.
1666 1858 2101 1944 Cambridgeo
2124 1863 2196 1941 2);
2262 1860 2377 1925 sed
2442 1862 2683 1943 nescio,
2732 1884 2812 1925 an
2861 1884 2989 1924 non

416 1977 613 2031 recte.

559 2076 856 2138 Clube'ona
903 2076 1141 2138 reclusa
1204 2084 1267 2136 et
1309 2077 1517 2159 qrisea
1566 2086 1894 2138 auctorum
1949 2073 2194 2138 similes
2242 2076 2413 2138 inter
2460 2098 2529 2138 se
2576 2086 2727 2138 sunt
2773 2074 2989 2158 valde;

414 2179 747 2264 differunt,
794 2192 958 2245 teste
1020 2180 1179 2245 Rev.
1242 2181 1316 2245 O.
1368 2181 1436 2244 P.
1485 2180 1923 2264 Cambridgeo
1945 2187 2012 2266 ³),
2058 2182 2405 2267 imprimis:
2455 2180 2990 2269 cephalothorace

412 2286 602 2353 fusco
650 2287 989 2353 reticulato
1052 2289 1120 2350 in
1190 2290 1278 2351 cl.
1345 2290 1601 2370 reclusa,
1664 2310 1795 2351 non
1857 2287 2200 2352 reticulato
2263 2289 2329 2352 in
2396 2290 2486 2353 CI.
2533 2293 2759 2373 yrisea,
2808 2300 2990 2375 parte

412 2396 737 2460 exteriore
801 2416 1142 2482 processus
1204 2393 1448 2459 tibialis
1513 2395 1711 2458 maris
1772 2397 1841 2458 in
1890 2394 2004 2458 illa
2067 2395 2322 2460 fortiter
2390 2399 2679 2479 curvata,
2750 2395 2989 2482 angulo

415 2513 594 2566 recto
642 2500 779 2566 fere
828 2502 1000 2566 foras
1063 2501 1327 2565 directa.
1374 2540 1462 2548 -—
1509 2502 1565 2565 E
1622 2502 1790 2565 notis
1852 2526 1891 2564 a
1955 2501 2383 2566 Blackwallio
2437 2504 2505 2567 in
2556 2503 2990 2589 descriptione

418 2611 800 2689 „Clube'onae
843 2609 1241 2674 holosericeae
1295 2613 1325 2644 “
1378 2608 1660 2693 prolatis⁷
1709 2608 1791 2674 ad
1841 2610 2345 2695 decernendum,
2396 2612 2501 2674 cui
2542 2611 2781 2697 speciei
2828 2610 2989 2675 haec

413 2717 786 2782 holosericea
835 2715 1287 2801 subiungenda
1348 2718 1449 2800 sit,
1510 2715 1631 2779 hae
1681 2715 1855 2781 solae
1902 2728 2199 2803 prosunt:
2248 2716 2750 2804 cephalothorax
2800 2719 2986 2782 obso-

414 2822 540 2887 lete
604 2824 793 2908 nigro
855 2822 1255 2906 reticulatus,
1319 2825 1506 2907 nigro
1570 2825 1996 2908 marginatus‚
2060 2835 2350 2888 sternum
2422 2825 2704 2909 nigrum,
2775 2823 2989 2888 colore

416 2930 711 2995 brunneo
760 2931 1098 2994 suffusum.
1151 2931 1331 2994 Haec
1396 2930 1722 3017 quadrant
1783 2931 1849 2993 in
1906 2933 1997 2996 (fl.
2063 2934 2387 3015 reclusam,
2436 2930 2548 2995 sed
2600 2954 2726 2994 non
2775 2932 2842 2994 in
2899 2932 2986 2998 Ol.

405 3041 681 3124 yriseam
727 3049 898 3102 auct.
945 3038 1313 3123 Descriptio
1360 3036 1699 3125 palporum
1750 3038 1948 3100 maris
1997 3061 2122 3102 non
2175 3039 2332 3102 satis
2381 3038 2639 3103 subtilis
2688 3050 2810 3121 estt,
2844 3061 2986 3125 pro-

416 3166 639 3209 cessus
687 3143 930 3208 tibialis
979 3143 1393 3207 semilunaris
1441 3144 1698 3228 dicitur,
1764 3156 1833 3208 ut
1877 3167 2222 3231 processus
2271 3145 2670 3231 respondens
2724 3148 2807 3209 (7.
2853 3150 2987 3231 yri-

413 3273 548 3316 seae
593 3274 633 3315 a.
679 3251 838 3315 Rev.
886 3251 960 3317 Ο.
996 3253 1061 3314 P.
1093 3251 1530 3335 Cambridgeo
1578 3250 1992 3333 describitur3
2044 3252 2155 3316 sed
2205 3251 2595 3317 semilunula
2641 3251 2804 3316 haec
2851 3275 2987 3316 ma-

417 3358 653 3422 nifesto
700 3357 870 3445 apud
923 3357 1421 3422 Blackwallium
1464 3382 1506 3423 ·e
1556 3381 1735 3422 ramo
1782 3358 2088 3423 interiore
2151 3370 2213 3423 et
2276 3361 2598 3423 exteriore
2644 3381 2985 3446 processus

412 3465 656 3530 tibialis
721 3475 990 3547 constat,
1052 3464 1226 3551 apud
1272 3465 1432 3530 Rev.
1481 3465 1556 3532 Ο.
1608 3467 1675 3529 Ρ.
1724 3464 2237 3549 Cambridgeum
2301 3488 2335 3529 e
2399 3468 2599 3530 ramis
2648 3468 2984 3552 superiore

416 3588 479 3636 et
543 3574 881 3637 exteriore.
975 3572 1100 3638 Sed
1174 3596 1433 3637 omnem
1505 3572 1975 3637 dubitationem
2047 3572 2215 3637 tollit
2284 3573 2494 3658 figura
2565 3573 2739 3659 palpi
2812 3574 2982 3661 apud

420 3679 936 3764 Blackwallium,
982 3703 1147 3767 quae
1194 3680 1459 3767 palpum
1513 3682 1847 3745 Clubz'onae
1886 3683 2156 3745 reclusae
2201 3691 2606 3765 representat
2651 3692 2715 3744 et
2761 3680 2840 3744 ad
2898 3682 2984 3746 Ol.

409 3791 682 3873 gyris-‹mn-
729 3800 898 3852 auct.
948 3787 1180 3851 referri
1227 3809 1356 3851 non
1389 3799 1614 3874 potest.
1664 3787 1810 3851 Non
1843 3787 2050 3850 solum
2102 3810 2354 3850 ramum
2402 3789 2787 3851 exteriorem
2840 3811 2985 3874 pro-

416 3917 639 3958 cessus
704 3893 947 3959 tibialis
994 3895 1275 3959 ostendit
1323 3918 1398 3959 ea
1447 3894 1621 3959 foras
1684 3895 2024 3979 directum,
2086 3896 2432 3978 insigniter
2492 3896 2982 3982 prominentem.

416 4002 672 4066 fortiter
736 4003 1057 4066 anteriora
1120 4025 1354 4066 versus
1420 4013 1781 4065 curvatum.
1843 4001 2056 4088 qualis
2121 4012 2217 4066 est
2280 4001 2345 4064 in
2419 4002 2509 4066 Ol.
2563 4006 2819 4084 reclusc‘i,
2868 4002 2980 4067 sed

413 4111 610 4173 etiam
662 4106 930 4173 bulbum
982 4108 1329 4194 genitalem
1378 4110 1447 4172 in
1497 4110 1679 4193 apice
1726 4110 1903 4172 intus
1954 4108 2143 4197 stylis
2191 4120 2492 4172 ornatum
2542 4109 2794 4173 duobus
2842 4132 2980 4195 gra-

416 4215 669 4297 cilibuS,
719 4215 1097 4301 subaequali
1148 4215 1571 4302 longitudine,
1636 4237 1944 4302 processu
2007 4217 2213 4300 tertio⁷
2274 4217 2385 4302 qui
2435 4217 2502 4279 in
2549 4218 2754 4303 apicis
2800 4229 2982 4302 parte

416 4324 735 4387 exteriore
783 4324 1045 4387 initium
1095 4325 1285 4409 capit,
1332 4346 1460 4387 non
1510 4335 1732 4397 tectOS,
1781 4346 1980 4410 quum
2030 4325 2097 4386 in
2152 4326 2238 4411 CI.
2282 4326 2488 4409 9rz'seci
2538 4334 2705 4387 auct.
2754 4348 2788 4387 e
2835 4346 2982 4409 pro-

412 4431 706 4495 cessibus
768 4431 1187 4495 interioribus
1249 4430 1520 4494 inferior
1585 4431 1807 4495 brevis
1856 4433 1957 4515 sit,
2021 4431 2084 4493 in
2135 4452 2351 4494 ramos
2399 4429 2559 4493 duos
2609 4430 2981 4517 inaequales

562 4700 598 4761 ¹)
637 4703 880 4750 Araneae
920 4701 1249 4764 Hungariae‚
1292 4701 1397 4749 vol.
1441 4702 1505 4760 11,
1547 4716 1667 4765 pag.
1708 4699 1828 4751 226.

558 4788 593 4852 ²)
636 4790 753 4839 List
789 4790 848 4839 of
885 4789 1082 4839 British
1123 4790 1227 4838 and
1266 4789 1403 4838 Irish
1443 4789 1673 4853 Spiders‚
1714 4790 2037 4840 Dorchester
2075 4788 2229 4845 1900.
2269 4805 2386 4855 pag.
2433 4787 2513 4840 10.

560 4877 599 4941 ³)
638 4878 851 4943 Spiders
892 4879 950 4927 of
988 4881 1195 4943 Donet,
1233 4894 1355 4943 pag.
1396 4877 1478 4930 2t.
