3842 5942
920 600 1051 664 548

1055 813 1392 877 Feminam
1441 822 1503 875 et
1552 830 1795 874 marem
1852 810 1915 874 S.
1964 830 2221 896 qraecae
2276 808 2344 871 in
2391 807 2673 873 Graecia
2720 806 2804 871 ad
2851 807 3082 871 Patras
3129 818 3192 871 et
3240 829 3482 870 marem

920 923 986 983 in
1035 920 1321 1007 Corcyra
1370 916 1586 982 insula
1641 917 1882 981 lectum
1932 916 2100 981 dono
2165 914 2325 979 mihi
2374 913 2553 979 dedit
2598 913 2732 981 Cel.
2797 915 2913 979 Dr.
2961 914 3030 981 0.
3080 913 3354 1001 Ghyzer.
3400 951 3487 961 —

921 1026 1051 1092 Cel.
1084 1027 1158 1090 E.
1191 1026 1432 1105 Simon,
1481 1025 1593 1111 qui
1626 1023 1936 1087 feminam
1982 1023 2224 1111 speciei
2256 1021 2470 1107 huius,
2517 1022 2860 1107 praecibus
2911 1021 3071 1086 meis
3119 1020 3486 1103 indulgens».

920 1134 1340 1217 examinavit,
1387 1154 1529 1195 eam
1579 1131 1703 1197 sibi
1752 1131 2039 1215 ignotam
2091 1152 2233 1194 esse
2281 1128 2657 1194 declaravit.

1053 1241 1300 1304 Marem
1358 1240 1422 1304 S.
1474 1241 1755 1303 tauricae
1801 1237 1874 1301 T.
1921 1236 2183 1301 Thorell
2233 1236 2502 1300 donavit
2549 1235 2708 1299 mihi
2757 1235 2914 1299 olim
2956 1257 3104 1299 cum
3155 1233 3489 1299 nonnullis

919 1348 1066 1411 aliis
1116 1347 1369 1411 araneis
1442 1346 1743 1410 Tauricis
1806 1368 1936 1409 non
2000 1343 2464 1409 determinatis,
2555 1343 2702 1407 Non
2768 1341 3011 1427 dubim,
3081 1344 3238 1429 quin
3293 1344 3492 1407 Saitis

917 1457 1216 1540 barbipea
1264 1475 1457 1540 quam
1503 1453 1577 1516 T.
1625 1451 1887 1517 Thorell
1940 1461 2009 1515 ut
2056 1451 2336 1515 incolam
2382 1452 2661 1515 Tauriae
2694 1449 2963 1537 protulit
2991 1451 3058 1513 in
3099 1447 3491 1536 „Verzeich-

922 1562 1057 1626 niss
1106 1559 1596 1625 sudrussischer
1643 1559 1975 1650 Spinnen“
2039 1560 2225 1643 1875.
2273 1581 2400 1622 non
2467 1580 2626 1623 vera
2673 1559 2757 1623 sit
2810 1558 2872 1623 S.
2922 1558 3206 1641 bat-bipes
3253 1555 3366 1621 sed
3425 1558 3488 1621 S.

922 1672 1168 1734 taurica
1215 1692 1274 1732 n.

1026 1864 1104 1930 ΙΙ.
1154 1862 1617 1930 Annotationes
1664 1861 1744 1928 ad
1794 1860 2261 1946 descriptiones
2307 1863 2368 1928 et
2414 1860 2861 1948 synonymiam
2913 1861 3371 1928 nonnullarum

2005 1986 2410 2035 aranearum.

1059 2092 1383 2163 Laronia
1429 2095 1501 2158 E.
1536 2094 1709 2177 Sim..
1757 2091 2143 2177 Callilepis
2193 2078 2452 2176 Westr.‚'
2505 2092 2976 2161 Pterotricha
3021 2092 3251 2157 Kuloz.

1055 2203 1280 2269 Genus
1333 2202 1757 2287 Callilepz'dem
1803 2201 2096 2285 (Westr.)
2143 2201 2218 2264 E.
2266 2200 2419 2267 Sim.
2472 2202 2643 2265 1893
2676 2201 2992 2280 (Histoire
3026 2200 3345 2265 naturelle
3380 2200 3494 2265 des

923 2312 1299 2395 Araignees,
1346 2308 1496 2374 edit.
1544 2308 1632 2392 Π,
1679 2307 1805 2373 vol.
1857 2311 1912 2391 1,
1961 2331 2105 2394 pag.
2155 2308 2311 2392 383)
2359 2309 2423 2370 in
2476 2307 2604 2372 duo
2652 2307 2805 2371 olim
2856 2307 3052 2371 divisi
3102 2307 3385 2396 (Chyzer
3433 2321 3496 2372 et

923 2416 1359 2505 Kulczynski‚
1408 2416 1704 2479 Araneae
1753 2415 2153 2500 Hungariae‚
2201 2414 2326 2479 vol.
2377 2417 2433 2497 2.
2481 2437 2626 2500 pag.
2683 2417 2832 2495 189)
2897 2427 3159 2503 propter
3204 2430 3493 2479 armatu-

924 2548 1061 2589 ram
1110 2522 1655 2603 mandibularum.
1718 2524 1845 2607 qua
1907 2533 2106 2610 typus
2170 2523 2455 2608 generis:
2510 2523 2574 2586 C.
2624 2530 2931 2587 nocturn-a
2979 2523 3101 2603 (L.)
3148 2523 3496 2607 insigniter

924 2632 1141 2696 differt
1186 2654 1225 2695 a
1277 2632 1338 2696 C.
1386 2637 1687 2695 eoemvmta
1732 2639 1795 2693 et
1842 2628 2168 2693 similibus
2233 2629 2573 2715 speciebus
2636 2651 2673 2693 a
2721 2628 2855 2695 061.
2922 2630 2995 2693 Ε.
3043 2630 3333 2696 Simonio
3381 2654 3494 2715 ge-

924 2739 1061 2804 neri
1110 2738 1321 2802 eidem
1386 2737 1769 2802 subiunctis.
1832 2735 2075 2801 Generi
2141 2760 2179 2800 a
2231 2738 2700 2816 Ca-llilepidibzcs
2747 2738 2920 2801 veris
2970 2748 3311 2821 segregato
3359 2738 3495 2823 pri-

926 2868 1103 2909 mum
1153 2867 1387 2908 nomen
1450 2844 1857 2928 Pythonis-sae
1919 2842 2089 2925 dedi,
2155 2842 2328 2929 quod
2390 2865 2625 2907 nomen
2689 2854 2911 2929 postea
2972 2845 3038 2907 in
3102 2844 3491 2909 Pterotriclza

923 2953 1191 3035 mutavi,
1238 2952 1538 3037 quoniam
1592 2951 1964 3035 Pythonissa
2011 2951 2078 3017 0.
2131 2951 2205 3015 L.
2253 2950 2442 3014 Koch
2492 2973 2935 3040 synonymum
2984 2962 3082 3016 est
3120 2953 3496 3036 Gnaphosae

922 3072 987 3124 et
1040 3060 1431 3143 Callilepz'dis
1476 3056 1735 3142 (Bullet.
1796 3058 1998 3123 Acad.
2063 3059 2302 3122 scienc.
2366 3059 2683 3125 Oracovie
2751 3059 2939 3143 1903,
2986 3082 3131 3145 pag.
3190 3061 3320 3143 43).
3414 3061 3489 3124 In

924 3165 1373 3251 supplemento
1415 3165 1630 3250 operis
1678 3167 1925 3251 egregii
1987 3188 2184 3251 supra
2231 3164 2387 3230 dicti
2452 3164 2583 3231 061.
2647 3166 2721 3229 Ε.
2785 3165 3008 3231 Simon
3071 3167 3495 3232 Pterotricleae

922 3295 1132 3357 genus
1180 3294 1311 3335 non
1360 3272 1627 3356 agnovit
1673 3282 1736 3335 et
1783 3274 2033 3358 species
2081 3274 2339 3357 generis
2374 3272 2566 3335 huius
2615 3295 2742 3336 non
2777 3274 2933 3337 satis
2968 3272 3231 3338 differre
3278 3297 3318 3337 a
3355 3276 3490 3338 Cal-

922 3382 1173 3465 lilepz‘de
1216 3386 1523 3443 nocturna
1570 3377 1943 3444 declaravit.
1994 3418 2078 3427 —
2127 3378 2382 3445 Ibidem
2433 3380 2780 3444 subiuncta
2827 3392 2924 3444 est
2955 3381 3332 3465 Pythmzissa
3379 3384 3490 3445 im-

923 3489 1134 3552 becilla
1184 3487 1387 3573 Keys.
1436 3487 1660 3570 generi
1706 3486 2025 3551 Laroniae
2073 3488 2145 3551 E.
2193 3487 2348 3553 Sim.
2395 3496 2657 3572 propter
2703 3498 3098 3551 armaturam
3137 3468 3492 3553 ⁰mandibu-

926 3593 1155 3675 larum,
1205 3594 1390 3657 cuius
1454 3594 1808 3679 imaginem
1874 3593 2142 3681 protulit
2204 3592 2338 3660 061.
2401 3595 2458 3659 J.
2522 3595 2604 3658 H.
2666 3595 2976 3658 Emerton
3042 3596 3107 3657 in
3156 3595 3491 3660 Transact.

924 3700 1352 3767 Gonnecticut
1401 3700 1756 3789 Academy‚
1806 3701 1930 3766 vol.
1979 3701 2167 3783 VIII,
2215 3700 2341 3766 tab.
2389 3701 2506 3785 IV,
2554 3701 2658 3787 fig.
2708 3703 2747 3766 6
2797 3701 2854 3766 b.
2902 3699 3277 3768 Secundum
3328 3702 3491 3787 figu-

925 3830 1063 3871 ram
1112 3807 1283 3877 hanc
1332 3808 1401 3872 Ρ.
1467 3809 1767 3873 imbecilla
1832 3831 2060 3895 parum
2125 3807 2343 3872 differt
2390 3831 2428 3872 a
2481 3810 2543 3873 C.
2607 3817 2914 3873 nocturna
2964 3808 3486 3874 mandibularum

925 3917 1271 3999 armatura,
1318 3938 1481 4001 quae
1544 3917 1611 3978 in
1675 3927 1945 4002 utraque
2008 3915 2223 4003 specie
2287 3926 2536 3979 const-at
2597 3939 2634 3979 a
2683 3915 2984 3979 dentibus
3033 3915 3287 3982 duobus
3334 3918 3487 3980 insi-

923 4023 1141 4106 gniter
1187 4021 1657 4107 inaequalibus,
1702 4023 1904 4088 altero
1953 4045 2173 4109 parve,
2221 4020 2424 4087 altero
2472 4046 2725 4108 magne,
2772 4023 3192 4109 complanato,
3242 4024 3487 4091 obtuse.

924 4152 1122 4214 quum
1175 4127 1589 4193 mandibulae
1638 4130 2170 4195 Pterotricharum
2219 4131 2284 4194 in
2333 4131 2630 4215 margine
2661 4132 2907 4216 postico
2956 4129 3122 4195 sulci
3170 4132 3486 4215 unguicu—

924 4235 1080 4299 laris
1129 4234 1391 4300 lamella
1438 4237 1621 4322 apice
1669 4237 1815 4322 plus
1864 4239 2166 4302 minusve
2213 4239 2435 4303 excisa
2483 4250 2546 4302 et
2580 4241 2844 4303 crenata
2874 4250 3203 4303 ornentur.
3236 4278 3314 4285 --
3348 4241 3486 4302 Cal-

924 4345 1130 4428 lilepz's
1177 4351 1482 4407 nocturna
1546 4344 1669 4424 (L.)
1731 4356 1794 4407 et
1862 4348 1927 4407 C.
1986 4345 2302 4409 Schusteri
2362 4344 2462 4429 (O.
2530 4345 2778 4430 Herm.)
2844 4367 2970 4409 non
3018 4362 3290 4431 possunt
3338 4346 3485 4410 sub-

925 4450 1109 4534 iungi
1168 4450 1553 4534 Gnaphosee's
1615 4451 1786 4513 veris
1849 4450 1983 4518 061.
2047 4452 2120 4515 E.
2169 4449 2464 4536 Simonii,
2512 4474 2550 4514 a
2596 4451 2833 4537 quibus
2881 4452 3231 4516 abhorrent
3277 4475 3484 4516 arma-

926 4559 1069 4620 tura
1121 4556 1665 4622 mandibularum.
1729 4558 1797 4624 Si
1860 4560 2236 4642 Pythonissa
2297 4560 2601 4624 imbecilla
2662 4560 2864 4646 Keys.
2931 4581 3156 4624 revera
3206 4561 3484 4623 Laronia

926 4674 1041 4748 est,
1088 4686 1479 4750 quamquam
1529 4664 1754 4729 dentes
1802 4665 1993 4730 modo
2039 4666 2202 4730 duos
2251 4668 2317 4729 in
2367 4665 2766 4729 mandibulis
2814 4665 3008 4731 habet
3071 4688 3279 4753 neque
3341 4678 3485 4731 tres.

930 4781 999 4833 ut
1045 4770 1363 4835 Laronia&
1407 4772 1667 4860 typicae
1716 4812 1800 4819 —-
1849 4773 2209 4838 secundum
2274 4772 2641 4858 diagnosim
2704 4772 2836 4839 Cel.
2904 4775 2980 4838 E.
3029 4774 3300 4840 Simonii
3351 4773 3389 4838 l.
3435 4796 3485 4836 c.

929 4899 1074 4962 pag.
1123 4879 1250 4943 379
1293 4917 1395 4961 —-,
1442 4880 1634 4942 etiam
1690 4882 2088 4965 Callilepides
2134 4889 2441 4945 nocturna
2488 4893 2551 4946 et
2605 4881 2920 4945 Seleu-steri
2957 4881 3269 4945 Laroniae
3313 4893 3484 4957 sunt;
