3842 5942
927 540 1056 601 544

928 750 1139 814 media
1184 751 1515 835 posterior,⁸
1581 750 1760 814 sulco
1810 762 2153 814 recurvato
2210 751 2341 816 lato
2390 762 2489 815 sat
2535 750 2773 815 diffuso
2821 750 3105 837 definita,
3154 752 3221 815 in
3271 752 3486 818 tuber-

926 856 1141 921 culum
1193 855 1441 922 elevata
1493 879 1589 921 ca.
1636 858 1786 921 0·16
1834 856 2058 939 latum,
2107 880 2201 922 ca.
2233 860 2380 924 008
2430 858 2715 943 longum,
2763 857 3268 945 complanatum,
3302 860 3485 925 deor-

925 988 1062 1028 sum
1101 976 1163 1027 et
1196 986 1422 1048 parum
1472 976 1643 1028 retro
1692 963 2034 1049 directum,
2081 964 2210 1029 late
2256 964 2657 1049 triangulare
2704 966 2890 1052 apice
2919 966 3244 1035 obtusum.
3288 989 3484 1053 quum

923 1096 958 1133 a
1010 1070 1237 1153 fronte,
1286 1085 1384 1135 sat
1434 1082 1708 1156 anguste
1756 1071 2158 1156 triangulare
2206 1073 2389 1158 apice
2437 1072 2938 1157 acutiusculum,
2993 1071 3195 1137 latere
3242 1075 3486 1160 postico

923 1178 1001 1240 ad
1054 1177 1591 1264 perpendiculum
1641 1177 1906 1262 directO,
1971 1191 2164 1262 recto,
2214 1178 2415 1243 latere
2461 1180 2675 1243 antico
2728 1179 2943 1262 paullo
2991 1180 3485 1267 inaequabiliter

924 1307 1237 1369 convex0,
1284 1307 1481 1371 quum
1533 1309 1571 1349 a
1620 1297 1798 1371 parte
1846 1287 2164 1350 exteriore
2213 1286 2596 1373 adspicitur3
2645 1285 3060 1351 tuberculum
3109 1286 3233 1351 hoc
3274 1289 3341 1350 in
3374 1311 3484 1375 pa-

921 1392 1080 1455 riete
1127 1393 1360 1475 anticO,
1414 1414 1542 1455 non
1593 1392 1819 1478 procul
1868 1416 1906 1456 a
1953 1394 2248 1478 margine
2296 1394 2548 1479 apicali,
2611 1393 2802 1458 fovea
2851 1394 3175 1480 utrimque
3220 1406 3484 1459 ornatur

922 1497 1306 1580 sulciformi,
1339 1499 1616 1582 margini
1648 1499 1709 1561 ei
1743 1498 1882 1562 fere
1915 1499 2257 1585 parallela3
2307 1501 2523 1585 apices
2557 1500 2898 1565 fovearum
2931 1501 3274 1566 interiores
3307 1514 3480 1587 septo

924 1617 1200 1690 angusto
1246 1604 1437 1669 modo
1486 1607 1657 1669 inter
1705 1628 1773 1669 se
1822 1606 2305 1691 disiunguntur.
2655 1617 2661 1622 ’

1055 1711 1577 1797 Cephalothorax
1642 1711 1846 1776 dilute
1905 1713 2166 1777 sordide
2213 1713 2511 1797 flavidus,
2581 1716 2648 1778 in
2711 1714 3025 1780 lateribus
3072 1715 3201 1781 late
3251 1716 3481 1781 diffuse

922 1818 1224 1883 umbrino
1270 1817 1599 1903 limbatus,
1658 1820 1726 1881 in
1775 1823 1928 1883 area
1976 1820 2309 1886 oculorum
2361 1834 2424 1886 et
2472 1844 2636 1907 pone
2682 1845 2823 1887 eam
2874 1821 3081 1887 fascia
3127 1828 3483 1909 recurvata,

922 1926 1228 2012 pallidius
1294 1925 1622 2010 umbrina,
1685 1926 2099 1993 mediocriter
2158 1932 2499 2016 expressa,
2563 1952 2792 2015 parum
2855 1931 3123 1995 definita
3191 1943 3482 2011 ornatus;

921 2035 1192 2124 clypeus
1240 2032 1457 2097 colore
1505 2033 1809 2097 umbrino
1857 2036 2160 2121 suffusus,
2207 2037 2628 2104 mandibulae
2668 2061 2742 2102 eo
2777 2059 3002 2123 parum
3050 2039 3484 2121 obscuriores;

920 2162 1208 2214 sternum
1272 2148 1474 2213 dilute
1540 2146 2096 2228 fulvo-flavidum,
2158 2143 2466 2209 maxillae
2520 2145 2753 2227 levius,
2800 2144 3046 2210 labium
3099 2145 3331 2209 fortius
3378 2167 3482 2210 co-

919 2257 1051 2320 lore
1101 2255 1399 2320 umbrino
1448 2255 1784 2319 suffusum.
1850 2252 2032 2338 Palpi
2098 2251 2322 2337 dilute,
2369 2251 2567 2338 pedes
2630 2253 2973 2317 obscurius
3021 2251 3482 2333 fulvo-flavidi,

918 2363 981 2426 hi
1032 2363 1293 2427 annulis
1360 2362 1679 2427 umbrinis
1739 2363 1950 2425 ornati
2014 2382 2209 2446 prope
2270 2359 2494 2443 basim,
2558 2381 2756 2445 prope
2805 2359 3093 2424 medium
3155 2371 3218 2425 et
3291 2383 3481 2446 prope

918 2472 1166 2557 apicem
1219 2470 1557 2555 femorum,
1605 2468 1689 2532 ad
1735 2468 1946 2533 basim
1992 2479 2055 2531 et
2100 2489 2297 2554 prope
2345 2467 2631 2530 medium
2679 2472 2768 2549 (et
2797 2469 2865 2531 in
2900 2469 3107 2553 apice)
3156 2469 3476 2549 tibiarum,

918 2599 1115 2664 prope
1163 2576 1450 2640 medium
1499 2592 1563 2640 et
1607 2577 1674 2639 in
1736 2578 1924 2664 apice
1985 2587 2510 2658 metatarsorum3
2572 2596 2655 2638 ex
2701 2575 2962 2638 annulis
3017 2575 3118 2640 his
3167 2576 3227 2639 ei
3274 2574 3480 2657 mode,

917 2687 1026 2770 qui
1075 2684 1270 2749 tibias
1318 2684 1418 2749 IV
1466 2693 1715 2761 ornant,
1780 2682 2030 2747 modice
2095 2681 2404 2768 expressi,
2466 2680 2696 2768 reliqui
2748 2680 2895 2766 plus
2943 2682 3248 2747 minusve
3297 2681 3477 2746 obso-

915 2791 1045 2855 leti.
1094 2790 1435 2856 Abdomen
1483 2790 1725 2877 pallide
1772 2788 2204 2873 isabellinum,
2241 2787 2535 2852 umbrino
2571 2789 2990 2853 maculatum:
3039 2810 3237 2875 supra
3276 2788 3476 2853 basim

917 2898 1091 2962 dorsi
1141 2899 1319 2985 paria
1366 2897 1496 2962 duo
1542 2910 1935 2984 punctorum
1998 2898 2167 2961 inter
2229 2919 2297 2959 se
2359 2896 2971 2982 approximatorum.
3028 2895 3477 2981 obsoletorum,

917 3006 1178 3070 circiter
1223 3006 1292 3069 in
1344 3006 1426 3090 ²l⁶
1461 3004 1633 3068 dorsi
1671 3004 1877 3069 fascia
1908 3015 2286 3068 transversa
2319 3002 2537 3067 brevis
2573 3000 2949 3089 inaequalia,
2982 3014 3136 3067 ante
3165 3003 3234 3065 in
3267 3002 3475 3068 medio

914 3111 1237 3199 profunde
1284 3113 1511 3193 incisa,
1577 3112 1836 3175 circiter
1900 3111 1969 3174 in
2021 3114 2101 3196 ²s3
2167 3123 2230 3174 et
2290 3111 2610 3196 posterius
2657 3109 2900 3174 fasciae
2949 3107 3216 3193 similes,
3265 3109 3476 3196 paullo

916 3220 1192 3283 maiores
1238 3232 1302 3284 et
1348 3218 1581 3282 melius
1628 3240 1993 3305 expressae,
2040 3218 2209 3282 inter
2256 3238 2324 3280 se
2371 3218 2875 3303 approximatae.
2923 3216 3115 3296 duae3
3161 3239 3331 3303 pone
3370 3240 3473 3281 eas

915 3326 1195 3411 vestigia
1238 3325 1557 3389 linearum
1630 3336 2179 3404 transversarum3
2242 3323 2447 3388 latera
2506 3324 2572 3387 in
2636 3334 2820 3410 parte
2884 3324 3215 3409 superiore
3282 3347 3474 3411 prope

916 3432 1154 3498 fascias
1202 3431 1536 3497 dorsuales
1585 3430 1827 3517 (paullo
1875 3443 2024 3495 ante
2071 3442 2204 3508 eas)
2253 3431 2478 3495 fasciis
2526 3431 2780 3496 duabus
2828 3431 3126 3517 obliquis,
3174 3430 3472 3496 deorsum

916 3552 977 3604 et
1024 3556 1194 3605 retro
1242 3539 1524 3623 directis,
1571 3540 1638 3602 in
1688 3549 1867 3625 parte
1913 3538 2222 3603 inferiore
2271 3538 2407 3602 fere
2455 3538 2671 3602 media
2717 3560 2873 3603 vero
2907 3537 3079 3603 linea
3124 3537 3320 3623 longa
3363 3538 3471 3603 ob-

914 3646 1107 3734 liqua,
1153 3647 1455 3712 omnibus
1504 3670 1539 3711 e
1587 3645 1862 3711 maculis
1895 3645 2211 3731 conflatis,
2259 3658 2511 3727 ornata3
2560 3656 2692 3709 tota
2739 3644 2902 3710 haec
2934 3647 3192 3733 pictura
3223 3645 3470 3710 modice

915 3776 1224 3841 expressa
1269 3768 1332 3819 et
1380 3766 1554 3819 certo
1604 3752 1957 3818 mutabilis.
2005 3753 2253 3817 Venter
2298 3753 2554 3839 pictura
2598 3752 3000 3818 evidentiore
3048 3764 3240 3817 caret.

1050 3861 1349 3944 Liguria:
1412 3859 1787 3946 exemplum
1852 3862 2117 3925 unicum
2181 3860 2620 3944 (mediocriter
2668 3862 3166 3943 conservatum),
3214 3859 3298 3924 ad
3344 3860 3466 3927 San

913 3967 1115 4033 Remo
1164 3967 1423 4053 lectum,
1470 3968 1639 4032 dono
1686 3965 1841 4030 mihi
1894 3966 2073 4031 dedit
2119 3966 2293 4031 Prof.
2341 3968 2455 4031 Dr.
2505 3968 2581 4034 O.
2630 3966 3003 4033 Schneider.

1045 4075 1347 4139 Fortasse
1412 4074 1657 4139 femina
1718 4075 1797 4139 Ε.
1852 4075 2230 4139 flammeozae
2291 4075 2360 4138 E.
2428 4074 2584 4141 Sim.
2646 4085 2744 4138 est
2791 4073 2953 4139 haec
3000 4096 3255 4155 aranea,
3302 4075 3466 4161 quod

912 4192 1130 4245 tamen
1194 4180 1462 4245 dubium
1532 4180 1807 4263 videtur,
1871 4183 2178 4266 quoniam
2241 4181 2743 4268 cephalothorax
2814 4182 2888 4245 Ε.
2946 4182 3340 4264 flammeolae
3405 4182 3466 4244 in

913 4310 1093 4352 mare
1160 4290 1258 4352 1·6
1283 4310 1417 4351 mm
1480 4287 1714 4372 longus
1777 4287 2188 4373 describitur,
2251 4311 2447 4375 quum
2497 4288 2868 4376 exemplum
2916 4301 3206 4352 nostrum
3272 4300 3469 4352 totum

914 4393 1103 4458 modo
1150 4396 1249 4459 2-1
1289 4417 1421 4458 mm
1470 4394 1735 4479 longum
1785 4396 1885 4458 sit.

1050 4606 1278 4676 Saitis
1324 4627 1605 4693 graeca
1653 4632 1713 4672 n.
1762 4631 1851 4694 sp.
1902 4620 1966 4672 et
2016 4608 2245 4677 Saitis
2293 4608 2582 4677 taurica
2631 4634 2691 4673 n.
2741 4632 2832 4695 sp.

1046 4715 1230 4779 Adeo
1277 4715 1522 4779 similes
1571 4729 1722 4779 sunt
1767 4716 1891 4780 hae
1926 4718 2173 4803 species
2221 4717 2388 4781 inter
2435 4740 2504 4781 se
2535 4728 2599 4781 et
2638 4718 2802 4783 Saiti
2832 4718 3157 4804 barbipedi
3203 4718 3278 4782 E.
3311 4718 3462 4784 Sirr.

912 4836 981 4887 ut
1028 4823 1182 4887 satis
1229 4821 1528 4887 videatur
1574 4822 1882 4907 indicare,
1931 4823 2168 4909 quibus
2216 4825 2409 4888 rebus
2459 4825 2626 4889 inter
2672 4847 2740 4888 se
2788 4823 3108 4889 differant.
