3842 5942
2806 562 2941 627 535

386 764 667 828 anticum
734 764 1014 850 declive,
1076 768 1398 852 posterius
1462 768 1696 833 leviter
1754 783 2177 849 excavatum,
2241 784 2527 837 ceterum
2596 796 2798 861 usque
2859 776 2942 839 ad

382 872 628 958 apicem
678 894 883 957 paene
928 873 1358 961 aequabiliter
1402 874 1827 942 adscendens,
1874 877 1979 958 (In
2010 878 2308 967 exemplo
2354 892 2573 945 nostro
2620 881 2941 947 abdomen

384 979 631 1065 apicem
692 1001 924 1044 versus
989 980 1225 1046 leviter
1287 993 1630 1048 curvatum
1692 994 1824 1067 est,
1892 986 2105 1071 primo
2176 985 2463 1070 paullulo
2531 999 2736 1072 tetre,
2803 1000 2944 1054 tum

383 1085 679 1171 paullulo
725 1087 1051 1151 anteriora
1115 1111 1382 1172 versust,
1447 1101 1622 1155 certo
1684 1091 2006 1156 abdomen
2069 1092 2343 1157 formam
2407 1094 2626 1180 paullo
2686 1107 2941 1161 mutare

382 1194 628 1278 potest).
690 1195 978 1280 Epiyyne
1023 1195 1154 1281 (fig.
1206 1201 1268 1275 1)
1332 1198 1398 1260 in
1446 1197 1640 1262 tuber
1685 1197 1941 1264 elevata
1986 1199 2240 1266 modice
2299 1200 2522 1285 altum,
2584 1225 2715 1266 non
2777 1202 2944 1268 bene

380 1299 735 1384 definitum,
783 1323 876 1366 ca.
908 1304 1053 1367 027
1091 1302 1314 1388 latum,
1360 1306 1509 1368 023
1560 1304 1844 1390 longum,
1890 1330 1929 1370 a
1974 1309 2269 1392 margine
2315 1310 2561 1394 postico
2607 1309 2942 1395 epigastrii

380 1430 470 1472 ca.
517 1409 667 1473 006
716 1431 845 1472 mm
897 1421 1231 1495 remotum,
1276 1434 1448 1497 pone
1491 1410 1574 1475 ad
1607 1412 2148 1498 perpendiculum
2180 1414 2520 1501 directum,
2567 1427 2717 1481 ante
2763 1428 2827 1482 et
2875 1420 2942 1481 in

378 1513 687 1579 lateribus
735 1515 989 1582 modice
1035 1516 1320 1599 declivet,
1389 1518 1582 1584 tuber
1626 1519 1749 1583 hoc
1812 1522 1878 1583 in
1928 1519 2302 1587 declivitate
2347 1524 2567 1588 antica
2611 1523 2793 1589 sulco
2839 1547 2945 1588 or-

378 1634 570 1687 natur
614 1623 958 1710 profundO,
1007 1622 1135 1688 lato
1183 1630 1299 1707 (ea.
1350 1624 1745 1712 0·1610ng0,
1794 1650 1887 1691 ca.
1920 1629 2069 1694 008
2111 1627 2285 1713 lato),
2330 1630 2737 1715 marginibus
2785 1630 2942 1696 defi-

378 1731 510 1793 nito
574 1731 923 1814 subacutis,
986 1754 1217 1818 parum
1264 1732 1605 1817 induratis,
1668 1736 2056 1821 praeruptis,
2119 1735 2322 1800 fundo
2372 1758 2659 1802 concavo
2706 1742 2940 1824 (neque

374 1848 563 1901 acute
628 1837 928 1921 sulcato);
992 1848 1141 1903 ante
1206 1852 1466 1925 apertus
1528 1854 1625 1905 est
1670 1841 1777 1904 hic
1842 1841 2085 1927 sulcus,
2150 1865 2313 1929 pone
2374 1842 2636 1909 lamella
2680 1843 2941 1909 clausus

374 1947 612 2009 cornea
657 1944 908 2029 librata,
956 1969 1161 2034 aeque
1206 1958 1400 2034 atque
1448 1949 1778 2033 margines
1826 1948 2128 2013 laterales
2176 1949 2447 2036 elevata,
2493 1952 2688 2017 0055
2732 1951 2940 2036 longa,

373 2052 522 2117 008
571 2051 718 2137 lata,
765 2055 1108 2140 trapezica,
1154 2076 1321 2141 pone
1369 2054 1612 2121 latiore.
1663 2055 1923 2139 angulis
1972 2056 2353 2122 rotundatis.

505 2159 810 2247 Exempli
877 2160 989 2224 diu
1054 2162 1119 2223 in
1186 2162 1415 2248 spiritu
1489 2162 1625 2227 vini
1692 2164 2060 2227 conservati
2131 2163 2634 2250 cephalothorax
2701 2164 2941 2250 pallide

372 2266 930 2351 flavo-testaceus,
995 2269 1236 2331 carinis
1284 2268 1958 2355 supramarginalibus
2013 2269 2302 2356 paullulo
2348 2271 2721 2353 infuscatist,
2768 2270 2940 2336 oculi

370 2373 573 2438 antici
607 2374 805 2440 medii
844 2376 1034 2460 nigri,
1066 2374 1299 2461 reliqui
1334 2375 1588 2461 pallidi3
1623 2399 1787 2463 pone
1820 2400 2036 2441 aream
2070 2377 2405 2441 oculorum
2438 2379 2942 2464 cephalothorax

368 2481 561 2547 furca
606 2482 910 2547 umbrina
955 2494 1239 2565 ornatur,
1303 2486 1490 2547 cuius
1537 2506 1783 2549 cornua
1827 2485 2050 2549 oculos
2111 2485 2390 2569 posticos
2453 2486 2702 2551 medios
2748 2487 2944 2550 attin-

369 2602 555 2674 gunt,
602 2611 837 2675 scapus
886 2589 1140 2654 sulcum
1190 2590 1480 2654 medium
1519 2614 1645 2656 non
1681 2593 1969 2677 attingit3
2017 2591 2287 2679 clypeus
2334 2594 2402 2655 in
2435 2604 2708 2679 utroque
2740 2592 2943 2657 latere

369 2696 598 2762 fasciis
645 2696 816 2761 binis
880 2697 1203 2762 umbrinis
1251 2698 1480 2783 pictus,
1546 2721 1821 2786 quarum
1868 2697 2169 2764 laterales
2216 2702 2545 2785 margines
2601 2711 2942 2786 occupant,

370 2803 642 2889 mediae,
675 2815 773 2868 sat
804 2802 990 2887 latae,
1037 2804 1117 2869 ab
1150 2803 1358 2870 oculis
1390 2806 1624 2869 anticis
1658 2806 1891 2871 mediis
1924 2805 2224 2871 deorsum
2261 2804 2676 2872 mandibulas
2711 2828 2943 2870 versus

372 2911 795 2977 descendunt.
842 2912 1264 2977 Mandibulae
1312 2911 1526 2977 colore
1560 2912 2137 3000 cephalothoracis,
2185 2915 2363 2979 vittis
2397 2924 2661 2978 ornatae
2698 2914 2942 2976 umbri-

368 3019 471 3081 nis
520 3020 814 3103 angustis
862 3018 1115 3083 duabus
1163 3020 1254 3103 (in
1305 3019 1496 3085 dorso
1544 3031 1607 3085 et
1651 3023 1717 3083 in
1768 3020 1971 3085 latere
2019 3022 2385 3105 exteriore),
2443 3043 2606 3107 pone
2651 3020 2939 3084 medium

368 3127 541 3190 inter
572 3149 639 3190 se
673 3125 963 3190 confusis
1009 3137 1073 3190 et
1119 3127 1682 3193 evanescentibus.
1730 3126 2056 3211 Maxillae,
2104 3127 2365 3211 labium,
2399 3139 2705 3212 sternum,
2744 3126 2941 3214 palpi,

370 3232 570 3318 pedes
617 3233 860 3318 pallide
906 3232 1384 3309 fulvo-flavida,
1434 3234 1605 3321 palpi
1654 3235 1721 3298 in
1770 3234 1962 3299 dorso
2009 3236 2289 3321 partium
2341 3234 2691 3309 femoralis,
2740 3235 2941 3321 patel-

367 3339 548 3424 laris,
596 3339 838 3406 tibialis
884 3342 1047 3405 vitta
1098 3341 1416 3421 umbrina,
1466 3342 1534 3405 in
1566 3354 1747 3428 parte
1794 3342 2021 3406 tarsali
2054 3343 2467 3407 evanescenti
2511 3343 2694 3427 pictit,
2741 3341 2941 3429 pedes

368 3448 728 3513 anteriores
791 3446 1021 3512 saltem
1084 3447 1308 3512 subter
1354 3450 1420 3512 in
1470 3460 1652 3536 parte
1719 3448 1926 3514 basali
1975 3448 2297 3513 femorum
2361 3448 2661 3513 umbrino
2716 3447 2941 3512 lineati

366 3553 647 3641 (reliqua
690 3554 932 3641 pedum
980 3556 1235 3641 pictura
1285 3555 1556 3620 fortasse
1605 3558 1670 3620 in
1705 3556 2006 3642 exemplo
2038 3568 2257 3621 nostro
2291 3555 2671 3641 deperdita).
2719 3555 2942 3619 Abdo-

367 3685 519 3727 men
568 3662 768 3727 dense
814 3662 1057 3749 pallide
1106 3662 1290 3727 fulvo
1337 3663 1768 3748 reticulatum,
1821 3663 2097 3729 maculis
2145 3662 2400 3728 reticuli
2451 3662 2664 3727 colore
2712 3662 2941 3726 subar-

365 3780 621 3854 genteO,
666 3792 751 3834 ex
785 3781 966 3854 parte
997 3768 1216 3857 paullo
1248 3769 1490 3834 flavido
1522 3770 1813 3857 repletis3
1861 3771 2037 3835 color
2084 3773 2309 3858 purius
2357 3782 2703 3855 argenteus
2734 3780 2939 3834 totum

367 3878 681 3965 parietem
732 3878 1052 3962 posticum
1116 3877 1482 3941 abdominis
1531 3890 1804 3964 occupat
1867 3891 1929 3943 et
1975 3880 2042 3941 in
2100 3889 2393 3943 ventrem
2445 3877 2938 3962 transgreditur,

369 3983 480 4048 ubi
532 3985 853 4070 utrimque
918 3985 1147 4049 vittam
1209 3970 1411 4049 latam
1474 3984 1736 4066 format3
1800 3987 1970 4049 inter
2017 3987 2211 4049 vittas
2258 3986 2377 4049 has
2425 3996 2654 4050 venter
2700 3983 2941 4072 pallide

368 4089 595 4155 fulvus
643 4102 757 4176 est,
809 4092 1189 4177 parcissime
1235 4102 1543 4177 argenteo
1590 4092 1980 4173 maculatus3
2028 4093 2450 4178 epigastrium
2499 4104 2563 4157 et
2612 4092 2940 4156 mamillae

368 4196 612 4284 pallide
658 4198 862 4264 fulva.

506 4306 985 4391 Hercegovina:
1049 4306 1475 4371 Domanovic.
1542 4308 1876 4370 Feminam
1943 4330 1980 4370 a
2041 4309 2182 4371 Dre
2246 4305 2531 4391 Hensch,
2594 4308 2661 4370 ni
2727 4304 2941 4394 fallor,

367 4412 601 4479 lectam
654 4413 823 4477 dono
869 4414 1030 4477 mihi
1077 4413 1259 4479 dedit
1303 4412 1439 4479 Cel.
1494 4414 1612 4477 Dr.
1658 4414 1729 4479 C.
1777 4413 2051 4501 Chyzer.
2101 4452 2185 4462 —
2234 4413 2368 4480 Cel.
2416 4415 2489 4477 Ε.
2539 4414 2779 4496 Simon,
2830 4414 2937 4498 qui

366 4543 674 4586 araneam
706 4519 891 4601 hanc,
940 4521 1284 4605 praecibus
1334 4522 1494 4584 meis
1540 4519 1907 4605 indulgens,
1957 4522 2376 4599 examinavit,
2423 4543 2565 4585 eam
2599 4519 2723 4584 sibi
2755 4522 2939 4603 igno-

366 4640 498 4692 tam
547 4650 688 4691 esse
734 4626 1112 4692 declaravit.

500 4735 560 4799 N
580 4746 731 4799 ota.
780 4735 1044 4820 Species
1089 4734 1253 4799 haec
1288 4756 1533 4819 organo
1565 4734 1880 4799 stridendi
1929 4746 2198 4799 ornatur
2228 4736 2319 4815 (in
2354 4733 2667 4817 feminal).
2717 4735 2940 4799 Parios

367 4844 623 4907 anticus
670 4843 1036 4908 abdominis
1084 4853 1441 4907 excavatus
1489 4855 1552 4907 et
1601 4852 1777 4907 arcte
1827 4842 2343 4929 cephalothoraci
2395 4842 2775 4929 applicatus,
2832 4864 2940 4907 ca-
