3842 5942
2881 556 3007 621 551

448 768 560 834 sed
633 770 707 835 Ε.
782 763 1061 856 luqubris
1131 769 1205 835 E.
1276 772 1432 839 Sim.
1494 772 1568 836 T.
1630 770 1943 836 Thorellii
2008 773 2349 858 Episinum
2396 778 2773 852 truncatum,
2823 769 3010 834 cuius

447 876 745 963 exempla
789 878 872 942 ab
919 888 1183 943 auctore
1246 878 1527 964 benigne
1586 877 1745 942 mihi
1796 880 2274 968 communicata
2322 879 2474 942 olim
2524 865 2681 960 vidi,
2729 875 3007 941 eundem

445 1005 585 1047 esse
633 995 824 1071 atque
870 985 948 1050 Ε.
997 986 1275 1070 lugubris
1320 986 1396 1050 E.
1443 985 1595 1052 Sim.
1642 983 1772 1050 iam
1837 987 1907 1049 in
1952 1008 2146 1072 opere
2198 987 2536 1072 „Araneae
2583 985 3003 1070 Hungariae“

444 1090 685 1157 notavi.
732 1092 806 1156 Ε.
855 1099 1180 1157 truncatus
1226 1092 1486 1179 Mengei
1550 1093 1746 1157 etiam
1794 1115 1925 1156 non
1973 1092 2245 1183 dubium
2295 1115 2740 1184 synonymum
2789 1093 2866 1157 Ε.
2916 1095 3009 1156 lu-

440 1199 656 1283 yubris
703 1198 861 1262 mihi
924 1200 1198 1265 videtur.
1260 1199 1568 1284 Epi-sinus
1630 1199 1972 1285 Anglicus,
2037 1200 2222 1264 cuius
2286 1222 2533 1264 marem
2582 1212 2644 1263 et
2691 1199 3006 1264 feminam

440 1304 576 1371 Cel.
638 1305 863 1370 Fredr.
924 1304 1318 1392 Cambridge
1381 1306 1550 1371 dono
1612 1307 1771 1370 mihi
1831 1306 2011 1371 dedit
2072 1308 2333 1371 nomine
2395 1310 2672 1372 truncati
2734 1307 3005 1391 signata,

442 1414 725 1498 luyubrz’s
786 1414 859 1478 E.
915 1412 1071 1479 Sim.
1119 1425 1232 1478 est.
1295 1414 1561 1499 Epi-sino
1607 1414 1857 1500 luyu'bri
1904 1425 2078 1477 certo
2127 1395 2630 1499 subiungendus
2669 1424 2764 1478 est
2808 1412 3003 1477 etiam

440 1520 745 1604 Episinus
776 1526 1101 1585 truncatus
1146 1521 1304 1606 Rev.
1337 1521 1413 1587 Ο.
1446 1520 1517 1585 Ρ.
1563 1520 1987 1605 Cambridgei
2035 1522 2175 1583 sive
2227 1522 2266 1585 '1
2276 1522 2589 1586 heridium
2634 1522 3005 1605 anqulatum

438 1625 878 1710 Blackwallii3
925 1628 978 1691 si
1027 1628 1196 1692 duae
1244 1628 1494 1714 species
1526 1629 1783 1712 Episim·
1828 1627 2236 1692 Britanniam
2285 1627 2659 1711 incolerent,
2705 1637 3004 1690 auctores

439 1732 700 1819 Anglici
761 1749 937 1799 certo
999 1758 1108 1800 eas
1172 1735 1644 1799 distinxissent.
1708 1735 1899 1799 Teste
1962 1734 2119 1799 Rev.
2182 1734 2258 1800 Ο.
2305 1735 2376 1798 P.
2441 1719 2881 1819 Cambridgeo‘
2927 1735 3002 1798 Ε.

439 1847 764 1906 truncatus
814 1841 1129 1927 Anglicus
1178 1853 1549 1907 constanter
1594 1852 1865 1906 ornatur
1910 1841 2085 1905 linea
2129 1840 2373 1905 fluvida
2417 1841 2486 1905 in
2534 1823 2718 1928 parte
2768 1840 3003 1925 cepha-

436 1947 562 2011 lica
618 1950 822 2014 vittae
867 1948 1183 2015 obscurae
1231 1949 1878 2035 cephalothoracis1)‚
1923 1971 2117 2035 quam
2169 1948 2407 2012 lineam
2457 1947 2754 2036 equidem
2803 1949 2871 2011 in
2921 1949 2998 2012 Ε.

434 2056 689 2141 luqubrz'
736 2058 828 2138 (in
875 2056 1195 2144 exemplis
1241 2056 1719 2142 pallidioribus)
1781 2056 1973 2120 modo
2022 2054 2179 2128 vidi,
2236 2054 2352 2119 sed
2398 2078 2527 2119 non
2598 2056 2667 2119 in
2715 2062 3002 2120 truncato

434 2162 511 2225 Ε.
557 2162 711 2227 Sim.
775 2165 1113 2247 Epis-inum
1176 2171 1530 2228 truncatum
1591 2164 1660 2230 G.
1709 2164 1782 2227 L.
1830 2162 2070 2228 Kochii
2132 2162 2416 2226 eundem
2478 2185 2619 2226 esse
2685 2174 2876 2248 atque
2925 2163 2999 2227 Ε.

432 2270 730 2354 luyubris.
779 2269 912 2336 Cel.
956 2271 1028 2334 Ε.
1060 2270 1285 2336 Simon
1333 2270 1463 2334 iam
1510 2272 1878 2358 suspicatus
1925 2283 2040 2345 est
2087 2280 2264 2364 recte
2312 2269 2591 2355 quidem.
2641 2269 2719 2332 In
2754 2268 2998 2354 Belgis,

430 2375 546 2439 ubi
592 2389 754 2441 teste
804 2378 876 2441 L.
924 2377 1243 2442 Beckerio
1292 2379 1369 2442 E.
1403 2385 1727 2442 truncatus
1774 2376 1950 2441 solus
1999 2359 2302 2441 occurrit.
2349 2376 2558 2441 lectus
2607 2389 2705 2441 est
2751 2400 2790 2440 a
2837 2376 2995 2441 Rev.

432 2483 508 2546 E.
556 2483 845 2550 Schmitz
892 2486 1198 2570 Episinus
1244 2485 1539 2570 luyubrz's,

566 2593 836 2676 Epise'no
882 2600 1168 2657 truncato
1227 2592 1302 2657 Ε.
1368 2591 1521 2658 Sim.
1587 2602 1657 2656 ut
1718 2613 2164 2678 synonymum
2226 2613 2356 2653 non
2405 2589 2678 2655 dubium
2728 2590 2996 2676 subiun-

429 2698 686 2783 gendus
737 2698 891 2761 mihi
940 2696 1200 2764 videtur
1246 2701 1323 2764 Ε.
1372 2701 1708 2783 macedipes
1753 2679 2078 2765 cavanna‘
2112 2698 2326 2778 (Studi
2378 2722 2414 2762 e
2447 2697 2740 2763 ricerche
2787 2698 2993 2762 d'ara-

430 2805 747 2891 cnologia.
796 2806 1067 2870 Firenze
1123 2807 1333 2892 1876).
1908 2787 1913 2792 .

564 2913 745 2976 Inter
791 2934 1160 3001 synonyma
1206 2913 1283 2977 Ε.
1331 2915 1605 2978 truncati
1653 2913 1751 2976 sui
1801 2914 2050 2998 recepit
2095 2912 2231 2979 Cel.
2276 2913 2352 2978 E.
2386 2913 2607 2979 Simon
2656 2913 2995 2996 Epi-sinum

425 3021 765 3105 alym-icum
827 3020 910 3084 H.
969 3021 1253 3103 Lucasii,
1315 3042 1389 3085 eo
1451 3021 1723 3104 innisus,
1786 3019 1959 3106 quod
2019 3022 2161 3107 ipse
2222 3022 2291 3083 in
2354 3041 2555 3104 regno
2603 3020 2993 3084 Maroccano

426 3128 767 3212 Epis-inum
815 3135 1168 3192 truncatum
1215 3126 1389 3213 legit.
1437 3126 1596 3191 Rev.
1645 3126 1721 3193 Ο.
1768 3126 1839 3190 Ρ.
1880 3127 2278 3212 ,Cambridge
2323 3150 2440 3214 pro
2485 3129 2563 3193 Ε.
2611 3115 2876 3212 alyetico
2911 3126 2992 3189 H.

426 3234 586 3300 Luc.
634 3234 826 3297 aliam
877 3233 1203 3320 quandam
1251 3235 1531 3320 speciem
1576 3233 1787 3318 habet,
1835 3234 1917 3299 ab
1966 3235 2041 3298 E.
2091 3241 2375 3299 immoto
2408 3233 2688 3319 Anglico
2723 3233 2992 3298 distinc-

423 3356 578 3406 tam.
625 3343 811 3422 Quae
879 3341 1214 3426 opiniones
1280 3341 1445 3406 duae
1506 3340 1679 3424 inter
1739 3365 1808 3406 se
1868 3363 2003 3404 non
2049 3340 2210 3405 adeo
2259 3352 2639 3427 repugnant,
2691 3351 2759 3404 ut
2808 3363 2991 3426 repu—

423 3470 629 3533 gnare
676 3448 1003 3532 videntur,
1049 3449 1353 3534 quoniam
1401 3447 1513 3512 ille
1574 3449 1652 3513 Ε.
1704 3455 2028 3511 truncatus
2082 3448 2401 3532 Anglicus
2449 3458 2626 3512 certo
2672 3445 2847 3511 idem
2895 3459 2992 3511 est

424 3567 615 3641 atque
665 3555 742 3619 Ε.
791 3556 1072 3640 luyubris
1117 3557 1173 3620 Ε
1256 3555 1439 3637 Sim.;
1496 3567 1863 3641 repugnant
1907 3566 2153 3618 tamen:
2201 3553 2510 3640 quoniam
2558 3555 2636 3618 Ε.
2687 3557 2990 3639 alym-imas

420 3661 583 3726 Rev.
629 3661 1068 3747 Cambridgei.
1116 3662 1473 3750 secundum
1522 3661 2024 3747 descriptionem
2075 3662 2416 3748 epigynae‚
2463 3660 2813 3724 manifesto
2845 3682 2988 3747 spe—

423 3771 558 3834 cies
605 3780 705 3832 est
751 3769 830 3833 ab
892 3771 970 3835 Ε.
1019 3778 1302 3835 truncato
1366 3770 1438 3833 E.
1503 3769 1657 3835 Sim.
1721 3767 2046 3832 distincta.
2093 3805 2181 3815 —
2229 3755 2600 3854 Descriptio
2661 3779 2725 3832 et
2779 3768 2990 3852 figura

420 3878 500 3940 Ε.
550 3879 809 3960 alyerz'cz'
855 3899 894 3941 a
941 3878 1022 3941 H.
1071 3878 1349 3941 Lucasio
1395 3875 1684 3962 prolatae
1732 3898 1858 3939 non
1909 3877 2068 3939 satis
2114 3874 2387 3940 subtiles
2435 3886 2604 3960 sunt,
2654 3890 2723 3938 ut
2754 3874 2837 3939 ad
2875 3873 2987 3938 de-

419 3982 820 4048 cernendum
872 3983 1221 4063 sufficiant,
1268 3994 1486 4048 utrum
1532 3981 1666 4050 Cel.
1708 3983 1782 4047 E.
1815 3982 2104 4048 Simonio
2134 4003 2217 4046 an
2251 3980 2413 4046 Rev.
2443 3981 2521 4047 Ο.
2551 3981 2986 4065 Cambridgeo

416 4088 543 4154 hac
590 4091 656 4153 in
723 4113 792 4154 re
853 4091 1339 4156 assentiendum
1405 4092 1506 4155 sit.
1567 4090 1636 4157 Si
1700 4090 1962 4176 quidem
2028 4089 2364 4174 Algeriam
2411 4090 2491 4154 Ε.
2541 4097 2865 4154 truncatu-s·
2911 4089 2984 4152 E.

416 4197 573 4264 Sim.
625 4197 801 4262 solus
848 4198 1093 4283 incolit,
1139 4197 1272 4264 Cel.
1319 4196 1396 4262 Ε.
1457 4197 1681 4262 Simon
1742 4198 1845 4260 ius
1893 4219 2085 4261 suum
2139 4197 2400 4261 tenebit.
2447 4195 2576 4263 Sed
2626 4184 2985 4279 investiga-

416 4303 705 4368 tionibus
754 4304 1169 4370 ulterioribus
1217 4317 1378 4390 'opus
1422 4303 1534 4368 hic
1579 4315 1693 4390 est,
1739 4326 1904 4389 quae
1951 4326 2025 4368 eo
2059 4303 2268 4388 magis
2299 4304 2708 4366 necessariae
2755 4299 2985 4365 viden-

415 4420 541 4495 tur,
603 4410 771 4496 quod
836 4411 1032 4477 facile
1094 4412 1235 4476 fieri
1297 4422 1524 4498 potest,
1585 4425 1656 4474 ut
1717 4411 1794 4475 Ε.
1860 4413 2164 4497 alqericus
2225 4409 2383 4474 Rev.
2445 4407 2861 4493 Cambridgei
2913 4429 2982 4471 se

416 4518 703 4601 speciem
750 4517 877 4583 late
926 4541 1041 4605 per
1086 4517 1306 4583 orbem
1370 4528 1693 4582 terrarum
1755 4517 2062 4582 diffusam
2124 4516 2456 4602 praebeat:
2505 4514 2585 4579 ab
2634 4514 2826 4579 India
2873 4537 2981 4578 us-

560 4771 598 4834 ¹)
638 4768 909 4820 Scientific
948 4769 1160 4819 Results
1200 4770 1260 4817 of
1294 4768 1383 4819 the
1410 4767 1602 4818 second
1628 4767 1884 4818 Yarkand
1916 4768 2149 4817 Mission.
2180 4766 2492 4816 Araneidea.
2534 4764 2785 4815 Calcutta
2823 4763 2980 4829 18853

415 4873 535 4924 pag.
575 4856 660 4909 32.
