3842 5942
2783 567 2914 632 555

344 784 537 867 citur,
583 796 888 865 concava,
934 782 1293 845 incurvata.
1340 780 1758 845 tuberculum
1798 778 2067 845 laterale
2114 780 2250 846 fere
2282 783 2610 866 attingens
2658 786 2916 861 (secun-

349 889 503 953 dum
558 891 589 952 1
642 886 1058 973 exemplum).
1109 927 1192 935 —
1240 888 1314 952 L.
1363 889 1760 952 tereebm'colae
1808 910 2042 975 scapus
2089 889 2342 973 apicem
2377 910 2609 953 versus
2657 888 2917 963 sensim,

348 997 465 1060 sed
513 995 1012 1082 inaequabiliter
1056 994 1363 1059 dilatatus
1410 1009 1532 1075 est3
1581 993 1920 1060 tubercula
1961 994 2257 1059 lateralia
2288 995 2619 1080 attingunt
2665 1007 2914 1081 partem

344 1104 531 1190 scapi
578 1102 893 1190 apicalem
956 1103 1152 1166 latam
1215 1114 1277 1166 et
1323 1103 1444 1166 sub
1490 1125 1635 1167 eam
1695 1101 2183 1187 ingrediuntur3
2229 1103 2788 1188 Lephthyphantae
2833 1110 2917 1166 te-

344 1214 495 1275 nuis
541 1233 776 1296 scapus
822 1209 1006 1295 apice
1069 1209 1282 1273 subito
1346 1208 1653 1273 dilatatus
1713 1221 1836 1290 est3
1886 1218 2134 1295 partem
2197 1207 2514 1294 apicalem
2565 1210 2703 1274 eius
2753 1207 2918 1273 dila-

344 1329 547 1381 tatam
596 1316 941 1381 tubercula
987 1315 1282 1380 lateralia
1328 1317 1680 1400 attingunt3
1730 1315 1991 1380 lamella
2036 1315 2304 1401 apicalis
2367 1318 2546 1403 scapi
2605 1339 2738 1380 non
2787 1326 2918 1379 tota

344 1445 648 1488 convexa
692 1435 805 1506 est,
854 1437 925 1487 ut
970 1425 1037 1486 in
1086 1424 1162 1487 L.
1215 1424 1577 1488 tenebricold
1621 1434 1686 1487 et
1732 1424 1809 1487 L.
1859 1424 2399 1503 Zimmermamcii‚
2451 1422 2560 1487 sed
2611 1423 2913 1510 depressa

345 1531 412 1593 in
480 1531 770 1617 partibus
833 1531 1085 1614 anticiS‚
1147 1552 1311 1616 quae
1374 1530 1525 1594 sub
1587 1529 1931 1595 tubercula
1992 1529 2286 1594 lateralia
2348 1530 2808 1615 ingrediuntur
2856 1540 2919 1593 et

342 1637 644 1725 apicibus
690 1660 911 1703 eorum
962 1639 1223 1703 excisae
1270 1637 1592 1718 videntur.
1640 1660 1842 1723 quum
1887 1639 2172 1724 epigyne
2219 1637 2298 1701 ab
2346 1639 2477 1700 imo
2541 1637 2902 1725 adspicitur

482 1744 715 1812 Colore
760 1744 1311 1830 Lephthyphantes
1373 1746 1894 1809 Zimmermannii
1955 1744 2164 1829 magis
2227 1766 2375 1809 cum
2435 1745 2509 1809 L.
2559 1745 2918 1809 tenebricold

340 1874 544 1938 quam
592 1874 743 1917 cum
789 1853 867 1916 L.
917 1853 1087 1917 tenui
1132 1852 1456 1935 convenit,
1501 1862 1765 1938 propter
1812 1851 2051 1914 fascias
2095 1863 2503 1916 transversas
2549 1850 2919 1915 abdominis

348 1958 572 2023 fuscas
636 1959 703 2022 in
765 1958 1059 2045 apicibus
1121 1981 1248 2022 non
1314 1958 1615 2022 dilatatas
1677 1959 1785 2029 (an
1849 1958 2309 2037 constanter-9⁴).
2404 1958 2737 2023 Differunt
2796 1956 2918 2021 hae

342 2068 601 2152 species
652 2065 865 2152 paullo
910 2068 1105 2131 etiam
1153 2066 1485 2130 oculorum
1554 2066 1916 2130 anticorum
1967 2066 2417 2152 magnitudine
2464 2077 2526 2129 et
2575 2063 2918 2129 altitudine

344 2172 594 2259 clypeig
665 2172 834 2237 oculi
907 2174 1107 2238 antici
1179 2175 1387 2258 magis
1456 2172 1831 2259 inaequales
1901 2185 1965 2238 et
2028 2172 2300 2262 clypeus
2348 2172 2538 2237 altior
2584 2173 2793 2236 estin
2849 2171 2920 2235 L.

346 2282 871 2346 Zimmermanniz'
916 2303 1109 2367 quam
1158 2282 1226 2345 in
1260 2280 1514 2345 duabus
1547 2279 1694 2343 aliis
1728 2281 2084 2366 speciebus
2135 2280 2597 2361 (Conseruntur
2627 2279 2918 2363 descrip-

342 2390 559 2452 tiones
606 2389 682 2453 L.
729 2390 1249 2454 Zimmemnamez'i
1296 2399 1359 2453 et
1404 2389 1481 2452 L.
1533 2391 1734 2452 tenuis
1779 2426 1866 2435 —
1914 2386 2036 2451 sub
2083 2388 2159 2451 L.
2209 2388 2456 2452 zebrino
2520 2398 2582 2450 et
2639 2386 2715 2450 L.
2767 2392 2920 2449 tene-

347 2495 583 2560 bricola
634 2534 711 2542 —
764 2495 939 2582 apud
1001 2495 1133 2561 Cel.
1196 2496 1270 2559 E.
1334 2495 1765 2575 Simoniu1n1)
1830 2508 1891 2559 et
1956 2493 2088 2560 Cel.
2153 2495 2256 2558 Fr.
2323 2492 2832 2578 Cambridgeum
2856 2498 2921 2575 ²).

346 2602 700 2667 intervalla
746 2602 1085 2667 oculorum
1146 2602 1529 2685 anticorum,
1590 2624 1754 2687 quae
1817 2600 2235 2687 subaequalia
2280 2602 2348 2664 in
2397 2601 2487 2664 L:
2525 2604 2712 2679 teum,
2761 2599 2920 2661 insi-

344 2712 568 2795 gniter
613 2708 983 2796 inaequalia.
1029 2710 1093 2772 in
1158 2710 1237 2773 L.
1287 2710 1807 2773 Zimnwmnanwli
1855 2707 2182 2792 dicuntur⁷
2228 2720 2448 2771 notam
2496 2718 2740 2772 certam
2791 2728 2920 2768 non

348 2817 682 2903 praebent.
744 2816 882 2879 vidi
948 2818 1122 2879 enim
1188 2814 1488 2900 exempla
1556 2815 1631 2879 L.
1702 2812 1903 2879 tenuis
1972 2837 2101 2878 non
2164 2814 2364 2878 dubia
2427 2813 2635 2877 oculis
2685 2812 2920 2876 anticis

348 2924 588 2988 mediis
636 2924 830 3010 duplo
877 2921 1138 3007 longius
1186 2945 1224 2986 a
1272 2920 1650 2985 lateralibus
1696 2942 1891 3007 quam
1940 2922 2112 2985 inter
2159 2944 2227 2984 se
2276 2922 2581 3005 remotis).

490 3032 715 3095 Partes
761 3028 1080 3115 genitales
1127 3029 1685 3114 Lephthyphantae
1712 3030 1950 3093 zebrini
1981 3028 2219 3112 (Μξζρ.)7
2261 3050 2536 3114 quarum
2570 3027 2920 3112 descriptio

347 3137 656 3203 subtilior
717 3138 797 3202 ad
862 3137 984 3201 hoc
1045 3149 1300 3221 tempus
1365 3136 1562 3221 deest,
1627 3137 1851 3221 paucis
1913 3127 2134 3199 verbis
2196 3133 2609 3218 attingendas
2668 3155 2919 3197 censeo,

346 3246 659 3334 Epigyne
704 3245 833 3327 (fig.
881 3247 991 3325 21)
1040 3267 1077 3307 a
1125 3244 1324 3308 latere
1370 3244 1512 3308 visa
1560 3265 1936 3330 processum
1986 3242 2223 3306 format
2269 3255 2440 3306 retro
2502 3253 2565 3305 et
2621 3239 2920 3305 deorsum

350 3353 696 3437 directum,
757 3374 971 3438 supra.
1035 3351 1143 3415 ubi
1210 3351 1345 3415 fere
1409 3350 1640 3437 planus
1702 3362 1816 3435 est,
1878 3372 1972 3414 ca.
2035 3351 2186 3413 024
2249 3348 2537 3432 longum,
2606 3349 2672 3411 in
2722 3346 2920 3410 latere

346 3462 571 3525 antico
617 3484 655 3524 a
704 3460 841 3524 basi
890 3461 1143 3545 apicem
1207 3481 1433 3523 versus
1498 3457 1750 3523 modice
1813 3470 1876 3522 et
1939 3456 2441 3542 inaequabiliter
2486 3466 2921 3539 angustatum.

350 3566 557 3631 latere
603 3590 678 3631 eo
726 3568 934 3653 primo
982 3566 1217 3631 leviter
1263 3568 1535 3649 sinuatO,
1583 3577 1717 3629 tum
1769 3586 2065 3629 convexo
2113 3576 2176 3628 et
2224 3587 2370 3629 cum
2422 3562 2624 3627 latere
2669 3563 2921 3647 postico

350 3676 419 3739 in
493 3697 715 3739 arcum
788 3673 1193 3760 aequabilem
1263 3672 1630 3738 confluenti.
1694 3673 1916 3737 Paries
1978 3670 2220 3735 basalis
2282 3672 2605 3758 epigynae
2662 3667 2742 3732 ab
2791 3668 2922 3729 imo

350 3783 540 3847 visus
586 3782 717 3865 (fig.
766 3781 876 3865 22)
922 3781 988 3843 in
1038 3782 1251 3844 sinum
1301 3780 1563 3845 excisus
1630 3801 1833 3864 paene
1878 3778 2435 3865 hemiellipticum.
2492 3798 2583 3840 ca.
2633 3776 2780 3839 048
2831 3772 2921 3836 la-

347 3900 514 3970 tum,
560 3890 707 3954 008
753 3887 1171 3975 profundum,
1219 3887 1300 3951 ad
1351 3889 1565 3973 ipsum
1614 3887 1978 3971 marginem
2024 3887 2340 3973 posticum
2390 3883 2750 3965 dilatatum,
2812 3881 2922 3966 qui

351 3997 538 4059 sinus
585 4006 755 4059 totus
799 3994 1089 4079 repletur
1138 4008 1318 4081 parte
1365 3993 1573 4059 basali
1621 3995 1818 4079 scapi,
1866 3993 2005 4057 fere
2053 3992 2433 4057 cordiformi
2479 3991 2774 4078 apice—
2807 4009 2922 4050 an-

349 4103 595 4166 teriora
640 4124 871 4165 versus
918 4101 1165 4166 directo
1225 4138 1283 4148 —
1344 4100 1471 4165 late
1523 4100 1880 4181 rotundata,
1913 4099 2147 4164 leviter
2194 4112 2256 4163 et
2303 4096 2731 4184 aequabiliter
2772 4116 2923 4159 con-

354 4212 544 4293 vexa,
580 4221 697 4273 ca.
760 4210 909 4274 0·16
971 4208 1120 4292 lata,
1181 4211 1323 4273 0·11
1394 4207 1603 4292 longa,
1652 4207 1789 4272 basi
1850 4219 1949 4272 sat
1995 4206 2122 4271 late
2178 4205 2431 4288 adnata,
2477 4226 2644 4289 pone
2691 4202 2925 4266 leviter

352 4318 595 4380 excisa.
642 4315 878 4380 Totum
926 4316 1288 4399 marginem
1340 4316 1662 4401 posticum
1710 4314 1910 4400 partis
1958 4313 2153 4376 huius
2201 4312 2330 4375 lobi
2364 4323 2496 4374 tres
2529 4308 2922 4396 pallidioreS‚

356 4422 563 4487 albidi
614 4424 901 4507 cingunt,
950 4423 1347 4487 coniunctim
1379 4420 1655 4485 limbum
1690 4420 2125 4485 formantibus
2166 4440 2580 4505 procurvum,
2628 4414 2923 4502 apicibus

356 4531 667 4615 parietem
715 4528 998 4595 basalem
1047 4530 1494 4615 attingentem,
1541 4527 1623 4593 ad
1673 4529 1822 4593 003
1856 4527 2077 4611 latum,
2109 4525 2450 4591 latitudine
2499 4523 2738 4609 ubique
2772 4521 2923 4585 sub-

504 4778 544 4849 1)
584 4782 685 4830 Les
724 4782 1053 4832 Arachnidos
1092 4782 1156 4831 de
1198 4783 1421 4843 Franco,
1461 4796 1510 4830 v,
1550 4782 1614 4829 V.

504 4867 543 4934 7)
582 4872 720 4920 Ann.
761 4886 807 4919 a.
849 4871 1056 4935 Magaz.
1096 4871 1283 4922 Natur.
1327 4870 1562 4933 History‚
1600 4870 1847 4932 January
1887 4865 2039 4920 1891.
