3842 5942
941 570 1070 634 168

938 780 1162 865 obsita,
1222 803 1390 868 quae
1436 779 1558 845 sub
1604 781 2036 868 microscopio
2090 791 2163 846 ut
2208 780 2435 846 dentes
2495 782 2868 846 brevissimi
2929 791 3260 868 apparent,
3321 782 3505 867 apice

937 888 1258 976 profunde
1312 887 1662 972 bidentata,
1726 887 1952 952 dentes
2012 889 2082 952 in
2138 887 2594 953 mucronulum
2658 886 2995 971 abeunte83
3058 886 3282 974 paleae
3326 887 3506 951 floris

938 996 1282 1081 superioris
1338 995 1477 1059 fere
1539 994 1985 1082 aequilongae‚
2044 996 2115 1059 in
2176 995 2445 1061 floribus
2505 994 2926 1060 inferioribus
2988 994 3174 1082 palea
3231 994 3508 1059 inferior

936 1101 1207 1167 alteram
1254 1103 1373 1168 vix
1428 1107 1455 1167 1
1508 1125 1642 1166 mm
1691 1124 2033 1190 superans3
2083 1103 2283 1168 arista
2315 1124 2514 1189 supra
2558 1101 2844 1166 medium
2885 1102 3075 1186 dorsi,
3123 1103 3191 1166 in
3235 1101 3506 1166 floribus

937 1209 1377 1295 superioribus
1424 1231 1460 1274 e
1506 1208 1758 1274 duobus
1805 1209 2016 1275 tertiis
2065 1209 2424 1296 egredienS,
2486 1209 2569 1274 ad
2620 1211 2655 1273 7
2707 1232 2839 1273 mm
2886 1207 3082 1295 longa
3134 1208 3509 1294 geniculata

937 1316 1187 1402 scabra,
1232 1317 1301 1379 in
1349 1326 1534 1403 parte
1565 1316 1873 1380 inferiore
1919 1317 2275 1402 virescens,
2307 1302 2501 1403 paulo
2546 1315 2654 1381 vel
2702 1318 2818 1382 vix
2851 1326 3162 1400 contorta,
3207 1317 3278 1379 in
3325 1327 3507 1403 parte

936 1424 1268 1510 superiore
1298 1422 1618 1506 violacea3
1665 1424 1965 1489 ovarium
1998 1422 2316 1509 glabrum,
2364 1422 2670 1488 antherae
2709 1422 2894 1488 fusco
2925 1423 3160 1504 flavae3
3208 1421 3327 1509 pili
3362 1423 3508 1486 axis

933 1530 1166 1595 florum
1212 1530 1578 1617 longissimi
1643 1530 1830 1595 densi
1892 1530 2293 1613 albosericei,
2345 1530 2414 1593 in
2482 1529 2647 1594 callo
2709 1530 2900 1595 flores
2961 1552 3238 1595 coronae
3300 1532 3510 1593 instar

936 1639 1272 1724 cingentes
1321 1638 1417 1723 (ut
1460 1639 1531 1701 in
1580 1637 2099 1723 Galamgrostide
2145 1635 2424 1723 villosa),
2468 1636 2694 1701 florem
2740 1637 3117 1702 inferiorem
3155 1636 3507 1700 dimidium

935 1755 1302 1831 aequanteS,
1349 1746 1417 1809 in
1465 1744 1733 1810 floribus
1766 1744 2212 1830 superioribus
2245 1743 2410 1808 duas
2442 1743 2667 1808 tertias
2711 1744 3122 1829 attingentes,
3162 1743 3278 1809 vel
3314 1742 3511 1830 paulo

935 1851 1279 1937 longiores,
1327 1851 1442 1938 pili
1490 1854 1560 1916 in
1605 1853 1793 1939 apice
1839 1851 2194 1916 rudimenti
2241 1851 2456 1938 quarti
2502 1850 2681 1914 floris
2728 1849 3048 1936 apiculam
3096 1851 3512 1938 subaequan-

934 1969 1058 2041 tes3
1104 1958 1364 2023 articuli
1398 1961 1542 2023 axis
1575 1982 1773 2023 unam
1809 1960 2064 2024 tertiam
2106 1958 2285 2023 floris
2318 1968 2694 2044 aequantes;
2743 1956 2979 2022 valvae
3008 1958 3255 2022 virides
3287 1957 3513 2023 colore

934 2064 1224 2131 violaceo
1270 2088 1595 2152 aureoque
1641 2065 1953 2131 subfusae
2001 2064 2110 2129 vel
2155 2063 2305 2153 plus
2345 2065 2649 2130 minusve
2681 2065 2910 2151 pictae,
2958 2066 3252 2150 margine
3300 2088 3511 2130 mem-

934 2171 1256 2238 branaceo
1302 2171 1473 2254 alb03
1523 2172 1708 2259 palea
1754 2171 2032 2237 inferior
2078 2171 2356 2237 similem
2407 2171 2473 2234 in
2518 2171 2780 2236 modum
2816 2172 3120 2256 colorata,
3166 2171 3354 2259 palea
3403 2194 3512 2235 su—

931 2280 1150 2366 perior
1194 2277 1520 2366 pellucido
1575 2278 2073 2344 membranacea
2134 2278 2307 2359 alba3
2372 2277 2662 2365 spiculae
2725 2280 3227 2365 subvariegatae
3288 2278 3511 2364 longis

931 2386 1083 2473 pilis
1131 2387 1395 2451 sericeis
1445 2385 1717 2473 pulchre
1764 2387 2066 2452 nitentes.

1067 2494 1278 2581 Stirps
1309 2494 1550 2580 optima
1580 2503 1645 2559 et
1676 2491 1868 2558 valde
1901 2493 2362 2577 memorabilis,
2392 2493 2462 2557 in
2494 2494 2820 2559 montanis
2852 2494 3252 2559 Bucovinae:
3285 2505 3510 2557 monte

931 2600 1155 2666 Dadul
1203 2603 1399 2682 (1527
1451 2623 1533 2664 m.
1582 2600 1736 2686 alto)
1782 2623 1982 2687 prope
2016 2599 2364 2666 Kirlibaba
2397 2623 2435 2663 a
2467 2599 2761 2667 Herbich
2810 2601 2903 2686 (in
2944 2599 3124 2665 herb.
3156 2598 3512 2684 Rehmani)

930 2718 995 2773 et
1040 2719 1256 2774 monte
1303 2707 1571 2773 Pietrile
1617 2707 1896 2772 Domnei
1951 2708 2196 2790 (Piatra
2241 2709 2547 2793 Domnei)
2600 2730 2799 2795 prope
2845 2708 3061 2772 Rareu
3119 2729 3158 2770 a
3202 2705 3511 2771 Rehman

931 2813 1100 2880 lecta
1145 2824 1211 2879 et
1254 2816 1328 2879 Τ.
1373 2814 1753 2880 flavescenti
1802 2813 2173 2900 subjuncta.
2220 2813 2535 2882 Calcarea
2580 2815 2863 2879 incolere
2911 2813 3188 2878 videtur.

1063 2921 1632 2987 Excellentissimo
1666 2921 1903 2988 Comiti
1937 2920 2259 2989 Stanislao
2291 2920 2693 3005 Tarnowski,
2738 2922 3004 2987 Doctori
3038 2920 3512 3007 philosophiae,

930 3028 1290 3094 Professori
1336 3029 1805 3094 Universitatis
1853 3028 2317 3114 Jagellonicae,
2382 3027 2787 3094 Praesidenti
2849 3026 3245 3093 Academiae
3297 3028 3513 3093 Litte-

928 3158 1146 3200 rarum
1196 3135 1548 3202 Oracoviae
1595 3148 1732 3220 etc.,
1781 3147 1918 3220 etc.,
1966 3134 2227 3200 honoris
2276 3157 2489 3199 causa.

1061 3245 1121 3307 A
1151 3243 1223 3307 Τ.
1256 3242 1763 3332 distichophyllo
1794 3243 1863 3308 P.
1898 3243 2139 3307 Beauv.
2172 3253 2236 3307 et
2265 3242 2338 3305 T.
2373 3252 2678 3327 argenteo
2713 3242 2932 3307 Roem.
2980 3253 3044 3307 et
3083 3240 3333 3308 Schult.
3365 3264 3511 3305 ma-

927 3349 1163 3414 nifeste
1211 3349 1450 3436 differt:
1502 3350 1714 3414 culmo
1747 3350 2007 3434 vaginis
2056 3348 2359 3435 foliisque
2400 3347 2673 3433 glaucis,
2722 3348 2896 3414 toliis
2927 3348 3132 3414 multo
3162 3348 3512 3414 latioribus

928 3458 1191 3522 remotis
1237 3457 1471 3543 rigidis
1520 3479 1597 3522 ac
1645 3456 1862 3521 culmo
1910 3456 2255 3543 adpressis,
2312 3454 2525 3520 valvis
2571 3455 3042 3543 inaequalibus,
3089 3455 3288 3522 valva
3333 3456 3513 3522 infe-

928 3564 1098 3629 riore
1147 3565 1510 3649 uninervia,
1557 3563 1778 3629 foliolo
1827 3563 2154 3629 fulcrante
2201 3575 2321 3628 etc.
2394 3565 2407 3576 “

1059 3672 1416 3736 Trisetaria
1477 3670 1825 3737 brevifolia
1889 3671 2163 3755 Baumg.
2224 3682 2322 3736 est
2385 3692 2509 3735 sec.
2560 3671 2726 3735 Fuss
2789 3670 2909 3752 (Fl.
2964 3671 3510 3737 Transsilvaniae

930 3779 1121 3862 1866,
1168 3799 1227 3862 p.
1278 3780 1431 3863 728)
1481 3789 1545 3843 et
1590 3801 1716 3844 sec.
1765 3777 2106 3845 Simonkai
2162 3778 2610 3858 (Enumeratio
2662 3779 2851 3861 1886,
2898 3801 2958 3863 p.
3005 3780 3159 3861 575)
3209 3801 3509 3867 synony-

927 3906 1073 3947 mus
1118 3885 1191 3948 T.
1240 3883 1751 3973 distichophylli.
1814 3884 1956 3952 Sec.
2026 3883 2368 3951 Simonkai
2428 3884 2493 3970 (l.
2543 3887 2622 3969 c.)
2683 3885 2756 3948 T.
2803 3884 3389 3974 distichophyllum
3437 3897 3509 3951 et

926 3990 999 4054 T.
1054 4003 1435 4077 argenteum
1497 4003 1648 4056 sunt
1711 3993 1962 4078 species
2024 3993 2093 4055 in
2156 3992 2652 4056 Transsilvania
2715 3989 2976 4074 dubiae3
3041 4014 3166 4057 sec.
3229 3992 3509 4058 Richter

925 4097 1223 4182 (Plantae
1268 4100 1568 4185 Europae
1622 4100 1815 4180 1890)
1862 4097 2158 4163 incolunt
2190 4097 2418 4163 ambae
2459 4100 2708 4185 species
2756 4097 2957 4185 Alpes
3003 4100 3304 4186 Europae
3344 4121 3507 4164 cen-

925 4204 1109 4270 tralis
1157 4218 1219 4270 et
1266 4227 1393 4270 sec.
1457 4206 1615 4294 Syn.
1665 4204 1860 4270 Asch.
1909 4216 1974 4271 et
2028 4205 2265 4271 Graeb.
2321 4207 2622 4291 provenit
2666 4207 2739 4270 T.
2788 4205 3373 4295 distichophyllum
3430 4207 3507 4270 in

925 4313 1223 4399 Carpatis
1269 4312 1806 4377 Transsilvaniae
1853 4312 2318 4377 meridionalis.

1058 4420 1128 4483 T.
1182 4419 1469 4505 rigidum
1523 4419 1609 4484 M.
1657 4422 1722 4484 Β.
1789 4420 2017 4506 (Boiss.
2066 4420 2164 4485 Fl.
2211 4420 2440 4485 orient.
2492 4422 2683 4503 1884,
2746 4432 2788 4485 t.
2836 4420 2916 4504 V,
2978 4442 3036 4506 p.
3086 4421 3260 4506 538),
3323 4421 3502 4507 quod

924 4526 1119 4590 habet
1180 4528 1374 4591 etiam
1438 4525 1596 4590 folia
1657 4526 1907 4612 glauca,
1971 4526 2188 4592 differt
2234 4549 2272 4590 a
2318 4539 2539 4592 nostra
2593 4529 2818 4614 stirpe:
2884 4526 3057 4591 foliis
3119 4526 3503 4592 lanceolatis

923 4632 1117 4718 longe
1165 4634 1554 4698 acuminatis
1599 4635 1970 4720 patentibus
2032 4636 2101 4698 in
2165 4645 2346 4721 parte
2406 4635 2715 4699 inferiore
2778 4632 3142 4699 culmorum
3190 4636 3502 4721 approxi-

923 4742 1133 4824 matiS,
1194 4740 1539 4826 paniculae
1587 4740 1787 4804 ramis
1836 4743 2099 4826 strictis,
2163 4740 2431 4827 spiculis
2480 4742 2655 4805 2-—3
2702 4741 2899 4825 floris,
2955 4740 3170 4808 valvis
3214 4740 3499 4826 flavidis,

921 4847 1074 4933 pilis
1124 4849 1267 4911 axis
1313 4847 1617 4912 flosculos
1669 4849 2034 4934 superiores
2082 4848 2508 4935 aequantibus
2556 4859 2676 4912 etc.
